02RETORNO01COBRANCA       00000000000004972103WC SISTEMAS E EQUIPAMENTOS DE 237BRADESCO       2103190160000000570                                                                                                                                                                                                                                                                          220319         000001
1020874591800017100000090345100240370REGTIT26431903000073     000000000000598781420000000000000000000000000903210319190300007300000000000059878142290319000000000049523704144  000000000000000000000000000000000000000000000000000000000000000000000000000000000000000000000000000000000000000000000                          4600000000                                                                  000002
1020874591800017100000090345100240370REGTIT26431903000764     000000000000598782150000000000000000000000000903210319190300076400000000000059878215290319000000046820623704144  000000000000000000000000000000000000000000000000000000000000000000000000000000000000000000000000000000000000000000000                          4600000000                                                                  000003
1020874591800017100000090345100240370REGTIT20751812070661     000000000000596405530000000000000000000000000906210319181207066100000000000059640553281218000000001894003303611  000000000000000000000000000000000000000000000000000000000000000000000000000000000000001986400000000009240000000000000   220319078          00000000000000                                                                  000004
1020874591800017100000090345100240370REGTIT22981901072235     000000000000597458000000000000000000000000000906210319190107223500000000000059745800300119000000001158034103811  000000000000000000000000000000000000000000000000000000000000000000000000000000000000001266100000000010810000000000000   220319078          00000000000000                                                                  000005
1020874591800017100000090345100240370REGTIT24411902029109     000000000000597943130000000000000000000000000906210319190202910900000000000059794313280219000000003012010400047  000000000000000000000000000000000000000000000000000000000000000000000000000000000000003166700000000015470000000000000   220319078          00000000000000                                                                  000006
1020874591800017100000090345100240370REGTIT24411902037412     000000000000597950690000000000000000000000000906210319190203741200000000000059795069280219000000001899010403915  000000000000000000000000000000000000000000000000000000000000000000000000000000000000001995700000000009670000000000000   220319078          00000000000000                                                                  000007
1020874591800017100000090345100240370REGTIT24411902042897     000000000000597956970000000000000000000000000906210319190204289700000000000059795697280219000000001448034107454  000000000000000000000000000000000000000000000000000000000000000000000000000000000000001523100000000007510000000000000   220319078          00000000000000                                                                  000008
1020874591800017100000090345100240370REGTIT24411902043699     000000000000597957430000000000000000000000000906210319190204369900000000000059795743280219000000002138010400724  000000000000000000000000000000000000000000000000000000000000000000000000000000000000002247900000000010990000000000000   220319078          00000000000000                                                                  000009
1020874591800017100000090345100240370REGTIT24411902054506     000000000000597973550000000000000000000000000906210319190205450600000000000059797355280219000000001844075603194  000000000000000000000000000000000000000000000000000000000000000000000000000000000000001939600000000009560000000000000   220319078          00000000000000                                                                  000010
1020874591800017100000090345100240370REGTIT24411902055683     000000000000597974870000000000000000000000000906210319190205568300000000000059797487280219000000001598075601330  000000000000000000000000000000000000000000000000000000000000000000000000000000000000001680300000000008230000000000000   220319078          00000000000000                                                                  000011
1020874591800017100000090345100240370REGTIT24411902062248     000000000000597996920000000000000000000000000906210319190206224800000000000059799692280219000000000849023703135  000000000000000000000000000000000000000000000000000000000000000000000000000000000000000893200000000004420000000000000   220319002          00000000000000                                                                  000012
1020874591800017100000090345100240370REGTIT24411902065789     000000000000598054630000000000000000000000000906210319190206578900000000000059805463280219000000001214010401266  000000000000000000000000000000000000000000000000000000000000000000000000000000000000001276000000000006200000000000000   220319078          00000000000000                                                                  000013
1020874591800017100000090345100240370REGTIT24411902066409     000000000000598076950000000000000000000000000906210319190206640900000000000059807695280219000000001299003304453  000000000000000000000000000000000000000000000000000000000000000000000000000000000000001364800000000006580000000000000   220319078          00000000000000                                                                  000014
1020874591800017100000090345100240370REGTIT24411902067081     000000000000598106530000000000000000000000000906210319190206708100000000000059810653280219000000001698034100098  000000000000000000000000000000000000000000000000000000000000000000000000000000000000001784400000000008640000000000000   220319078          00000000000000                                                                  000015
1020874591800017100000090345100240370REGTIT24411902067475     0000000000005981229P000000000000000000000000090621031919020674750000000000005981229P280219000000001499023700780  000000000000000000000000000000000000000000000000000000000000000000000000000000000000001575100000000007610000000000000   220319002          00000000000000                                                                  000016
1020874591800017100000090345100240370REGTIT24411902067613     000000000000598129070000000000000000000000000906210319190206761300000000000059812907280219000000001598003301586  000000000000000000000000000000000000000000000000000000000000000000000000000000000000001680300000000008230000000000000   220319078          00000000000000                                                                  000017
1020874591800017100000090345100240370REGTIT24411902067745     000000000000598133260000000000000000000000000906210319190206774500000000000059813326280219000000001598034103812  000000000000000000000000000000000000000000000000000000000000000000000000000000000000001680300000000008230000000000000   220319078          00000000000000                                                                  000018
1020874591800017100000090345100240370REGTIT24411902067770     000000000000598134230000000000000000000000000906210319190206777000000000000059813423280219000000000999034107187  000000000000000000000000000000000000000000000000000000000000000000000000000000000000001050400000000005140000000000000   220319078          00000000000000                                                                  000019
1020874591800017100000090345100240370REGTIT24411902067827     000000000000598136280000000000000000000000000906210319190206782700000000000059813628280219000000001598034100318  000000000000000000000000000000000000000000000000000000000000000000000000003085000000001289500000000000000000000000000   220319078          00000000000000                                                                  000020
1020874591800017100000090345100240370REGTIT24411902068035     000000000000598141280000000000000000000000000906210319190206803500000000000059814128280219000000001968010403626  000000000000000000000000000000000000000000000000000000000000000000000000000000000000002070300000000010230000000000000   220319078          00000000000000                                                                  000021
1020874591800017100000090345100240370REGTIT24411902068204     000000000000598146590000000000000000000000000906210319190206820400000000000059814659280219000000001503110402975  000000000000000000000000000000000000000000000000000000000000000000000000000000000000001581400000000007830000000000000   220319078          00000000000000                                                                  000022
1020874591800017100000090345100240370REGTIT24411902069453     000000000000598185140000000000000000000000000906210319190206945300000000000059818514280219000000001448010402974  000000000000000000000000000000000000000000000000000000000000000000000000000000000000001523100000000007510000000000000   220319078          00000000000000                                                                  000023
1020874591800017100000090345100240370REGTIT24411902070304     000000000000598216550000000000000000000000000906210319190207030400000000000059821655280219000000001190634103377  000000000000000000000000000000000000000000000000000000000000000000000000000000000000001252200000000006160000000000000   220319078          00000000000000                                                                  000024
1020874591800017100000090345100240370REGTIT24411902070796     000000000000598237390000000000000000000000000906210319190207079600000000000059823739280219000000001148003300809  000000000000000000000000000000000000000000000000000000000000000000000000000000000000001206600000000005860000000000000   220319078          00000000000000                                                                  000025
1020874591800017100000090345100240370REGTIT24411902071754     000000000000598293890000000000000000000000000906210319190207175400000000000059829389280219000000000998000102848  000000000000000000000000000000000000000000000000000000000000000000000000000000000000001049400000000005140000000000000   220319078          00000000000000                                                                  000026
1020874591800017100000090345100240370REGTIT24411902072325     000000000000598335130000000000000000000000000906210319190207232500000000000059833513280219000000001498034106868  000000000000000000000000000000000000000000000000000000000000000000000000000000000000001574100000000007610000000000000   220319078          00000000000000                                                                  000027
1020874591800017100000090345100240370REGTIT24411902072466     000000000000598345600000000000000000000000000906210319190207246600000000000059834560280219000000000998034103812  000000000000000000000000000000000000000000000000000000000000000000000000000000000000001049400000000005140000000000000   220319078          00000000000000                                                                  000028
1020874591800017100000090345100240370REGTIT24411902072703     000000000000598365200000000000000000000000000906210319190207270300000000000059836520280219000000001197034108488  000000000000000000000000000000000000000000000000000000000000000000000000000000000000001258700000000006170000000000000   220319078          00000000000000                                                                  000029
1020874591800017100000090345100240370REGTIT24411902072799     000000000000598373300000000000000000000000000906210319190207279900000000000059837330280219000000000699034109926  000000000000000000000000000000000000000000000000000000000000000000000000000000000000000733900000000003490000000000000   220319078          00000000000000                                                                  000030
1020874591800017100000090345100240370REGTIT24411902072803     000000000000598373730000000000000000000000000906210319190207280300000000000059837373280219000000000998010400385  000000000000000000000000000000000000000000000000000000000000000000000000000000000000001049400000000005140000000000000   220319078          00000000000000                                                                  000031
1020874591800017100000090345100240370REGTIT24411902072827     000000000000598376160000000000000000000000000906210319190207282700000000000059837616280219000000000998010403322  000000000000000000000000000000000000000000000000000000000000000000000000000000000000001049400000000005140000000000000   220319078          00000000000000                                                                  000032
1020874591800017100000090345100240370REGTIT24411902073124     000000000000598403900000000000000000000000000906210319190207312400000000000059840390280219000000000998000103263  000000000000000000000000000000000000000000000000000000000000000000000000000000000000001049400000000005140000000000000   220319078          00000000000000                                                                  000033
1020874591800017100000090345100240370REGTIT26211903004521     000000000000598784010000000000000000000000000906210319190300452100000000000059878401290319000000002785734107987  000000000000000000000000000000000000000000000000000000000000000000000000000000000000002785700000000000000000000000000   220319078          00000000000000                                                                  000034
1020874591800017100000090345100240370REGTIT26211903013012     000000000000598793190000000000000000000000000906210319190301301200000000000059879319290319000000002636034106201  000000000000000000000000000000000000000000000000000000000000000000000000000000000000002636000000000000000000000000000   220319078          00000000000000                                                                  000035
1020874591800017100000090345100240370REGTIT26211903015552     000000000000598794830000000000000000000000000906210319190301555200000000000059879483290319000000001598034103730  000000000000000000000000000000000000000000000000000000000000000000000000000000000000001598000000000000000000000000000   220319078          00000000000000                                                                  000036
1020874591800017100000090345100240370REGTIT26211903018905     000000000000598797420000000000000000000000000906210319190301890500000000000059879742290319000000003418534100202  000000000000000000000000000000000000000000000000000000000000000000000000000000000000003418500000000000000000000000000   220319078          00000000000000                                                                  000037
1020874591800017100000090345100240370REGTIT26211903020872     0000000000005987984P000000000000000000000000090621031919030208720000000000005987984P290319000000002586010401482  000000000000000000000000000000000000000000000000000000000000000000000000000000000000002586000000000000000000000000000   220319078          00000000000000                                                                  000038
1020874591800017100000090345100240370REGTIT26211903058225     000000000000598843630000000000000000000000000906210319190305822500000000000059884363290319000000001678003301650  000000000000000000000000000000000000000000000000000000000000000000000000000000000000001678000000000000000000000000000   220319078          00000000000000                                                                  000039
1020874591800017100000090345100240370REGTIT26211903058246     0000000000005988438P000000000000000000000000090621031919030582460000000000005988438P290319000000001928042200145  000000000000000000000000000000000000000000000000000000000000000000000000000000000000001928000000000000000000000000000   220319078          00000000000000                                                                  000040
1020874591800017100000090345100240370REGTIT26211903058893     000000000000598846220000000000000000000000000906210319190305889300000000000059884622290319000000001893023707714  000000000000000000000000000000000000000000000000000000000000000000000000000000000000001893000000000000000000000000000   220319035          00000000000000                                                                  000041
1020874591800017100000090345100240370REGTIT26211903060620     000000000000598851140000000000000000000000000906210319190306062000000000000059885114290319000000002260534108703  000000000000000000000000000000000000000000000000000000000000000000000000000000000000002260500000000000000000000000000   220319078          00000000000000                                                                  000042
1020874591800017100000090345100240370REGTIT26211903063088     000000000000598865790000000000000000000000000906210319190306308800000000000059886579290319000000001798010401632  000000000000000000000000000000000000000000000000000000000000000000000000000000000000001798000000000000000000000000000   220319078          00000000000000                                                                  000043
1020874591800017100000090345100240370REGTIT26211903063409     000000000000598868700000000000000000000000000906210319190306340900000000000059886870290319000000002198034101433  000000000000000000000000000000000000000000000000000000000000000000000000000000000000002198000000000000000000000000000   220319078          00000000000000                                                                  000044
1020874591800017100000090345100240370REGTIT26211903066343     000000000000598933890000000000000000000000000906210319190306634300000000000059893389290319000000000799010401266  000000000000000000000000000000000000000000000000000000000000000000000000000000000000000799000000000000000000000000000   220319078          00000000000000                                                                  000045
1020874591800017100000090345100240370REGTIT26211903066709     000000000000598949380000000000000000000000000906210319190306670900000000000059894938290319000000001548010401628  000000000000000000000000000000000000000000000000000000000000000000000000000000000000001548000000000000000000000000000   220319078          00000000000000                                                                  000046
1020874591800017100000090345100240370REGTIT26211903066920     000000000000598956670000000000000000000000000906210319190306692000000000000059895667290319000000001608010401952  000000000000000000000000000000000000000000000000000000000000000000000000000000000000001608000000000000000000000000000   220319078          00000000000000                                                                  000047
1020874591800017100000090345100240370REGTIT26211903068054     000000000000598998750000000000000000000000000906210319190306805400000000000059899875290319000000001299010402702  000000000000000000000000000000000000000000000000000000000000000000000000000000000000001299000000000000000000000000000   220319078          00000000000000                                                                  000048
1020874591800017100000090345100240370REGTIT26211903068368     000000000000599009380000000000000000000000000906210319190306836800000000000059900938290319000000001198010400435  000000000000000000000000000000000000000000000000000000000000000000000000000000000000001198000000000000000000000000000   220319078          00000000000000                                                                  000049
1020874591800017100000090345100240370REGTIT26211903068712     000000000000599019850000000000000000000000000906210319190306871200000000000059901985290319000000001448003301064  000000000000000000000000000000000000000000000000000000000000000000000000000000000000001448000000000000000000000000000   220319078          00000000000000                                                                  000050
1020874591800017100000090345100240370REGTIT26211903068804     000000000000599022560000000000000000000000000906210319190306880400000000000059902256290319000000001448075604355  000000000000000000000000000000000000000000000000000000000000000000000000000000000000001448000000000000000000000000000   220319078          00000000000000                                                                  000051
1020874591800017100000090345100240370REGTIT26211903068858     000000000000599024260000000000000000000000000906210319190306885800000000000059902426290319000000001448010400368  000000000000000000000000000000000000000000000000000000000000000000000000000000000000001448000000000000000000000000000   220319078          00000000000000                                                                  000052
1020874591800017100000090345100240370REGTIT26211903069511     000000000000599042750000000000000000000000000906210319190306951100000000000059904275290319000000000998075604368  000000000000000000000000000000000000000000000000000000000000000000000000000000000000000998000000000000000000000000000   220319078          00000000000000                                                                  000053
1020874591800017100000090345100240370REGTIT26211903070588     000000000000599082110000000000000000000000000906210319190307058800000000000059908211290319000000001149000101512  000000000000000000000000000000000000000000000000000000000000000000000000000000000000001149000000000000000000000000000   220319078          00000000000000                                                                  000054
1020874591800017100000090345100240370REGTIT26211903071009     000000000000599100460000000000000000000000000906210319190307100900000000000059910046290319000000001004574807446  000000000000000000000000000000000000000000000000000000000000000000000000000000000000001004500000000000000000000000000   220319078          00000000000000                                                                  000055
1020874591800017100000090345100240370REGTIT26211903071531     000000000000599129600000000000000000000000000906210319190307153100000000000059912960290319000000000998000101863  000000000000000000000000000000000000000000000000000000000000000000000000000000000000000998000000000000000000000000000   220319078          00000000000000                                                                  000056
1020874591800017100000090345100240370REGTIT26211903071660     000000000000599137380000000000000000000000000906210319190307166000000000000059913738290319000000000878023701886  000000000000000000000000000000000000000000000000000000000000000000000000000000000000000878000000000000000000000000000   220319035          00000000000000                                                                  000057
1020874591800017100000090345100240370REGTIT26211903072046     000000000000599164190000000000000000000000000906210319190307204600000000000059916419290319000000000998003302167  000000000000000000000000000000000000000000000000000000000000000000000000000000000000000998000000000000000000000000000   220319078          00000000000000                                                                  000058
1020874591800017100000090345100240370REGTIT26211903072596     000000000000599201650000000000000000000000000906210319190307259600000000000059920165290319000000000998003300812  000000000000000000000000000000000000000000000000000000000000000000000000000000000000000998000000000000000000000000000   220319078          00000000000000                                                                  000059
1020874591800017100000090345100240370REGTIT26211903072709     000000000000599210560000000000000000000000000906210319190307270900000000000059921056290319000000000998010400844  000000000000000000000000000000000000000000000000000000000000000000000000000000000000000998000000000000000000000000000   220319078          00000000000000                                                                  000060
1020874591800017100000090345100240370REGTIT26211903073015     000000000000599235980000000000000000000000000906210319190307301500000000000059923598290319000000000823503303415  000000000000000000000000000000000000000000000000000000000000000000000000000000000000000823500000000000000000000000000   220319078          00000000000000                                                                  000061
1020874591800017100000090345100240370REGTIT26211903073135     000000000000599246750000000000000000000000000906210319190307313500000000000059924675290319000000000799034103730  000000000000000000000000000000000000000000000000000000000000000000000000000000000000000799000000000000000000000000000   220319078          00000000000000                                                                  000062
1020874591800017100000090345100240370REGTIT2315996970415716   000000009000597555800000000000000000000000000906210319996970415700000000900059755580150319000000002244275604368  000000000000000000000000000000000000000000000000000000000000000000000000000000000000002309400000000006520000000000000   220319078          00000000000000                                                                  000063
1020874591800017100000090345100240370REGTIT2369996477296589   000000009000597683050000000000000000000000000906210319996477296500000000900059768305230319000000003913310402863  000000000000000000000000000000000000000000000000000000000000000000000000000000000000003913300000000000000000000000000   220319078          00000000000000                                                                  000064
1020874591800017100000090345100240370REGTIT2634996989139207   000000009000599353330000000000000000000000000906210319996989139200000000900059935333250319000000003147034103722  000000000000000000000000000000000000000000000000000000000000000000000000000000000000003147000000000000000000000000000   220319078          00000000000000                                                                  000065
1020874591800017100000090345100240370REGTIT2637996605926114   000000009000599384560000000000000000000000000906210319996605926100000000900059938456200319000000002330603301220  000000000000000000000000000000000000000000000000000000000000000000000000000000000000002380700000000005010000000000000   220319078          00000000000000                                                                  000066
1020874591800017100000090345100240370REGTIT2641997067654289   000000009000599418210000000000000000000000000906210319997067654200000000900059941821210319000000001797303300813  000000000000000000000000000000000000000000000000000000000000000000000000000000000000001797300000000000000000000000000   220319078          00000000000000                                                                  000067
1020874591800017100000090345100240370REGTIT2641997139619926   000000009000599420890000000000000000000000000906210319997139619900000000900059942089290319000000003300034103812  000000000000000000000000000000000000000000000000000000000000000000000000000000000000003300000000000000000000000000000   220319078          00000000000000                                                                  000068
1020874591800017100000090345100240370REGTIT18811811070431     000000000000595485840000000000000000000000000909210319181107043100000000000059548584301118000000001348023704150  000000000000000000000000000000000000000000000000000000000000000000000000000000000000000000000000000000000000000000000                          0000000000                                                                  000069
1020874591800017100000090345100240370REGTIT20751812070431     000000000000596394580000000000000000000000000909210319181207043100000000000059639458281218000000002397023704150  000000000000000000000000000000000000000000000000000000000000000000000000000000000000000000000000000000000000000000000                          0000000000                                                                  000070
1020874591800017100000090345100240370REGTIT22981901070431     000000000000597345310000000000000000000000000909210319190107043100000000000059734531300119000000001348023704150  000000000000000000000000000000000000000000000000000000000000000000000000000000000000000000000000000000000000000000000                          0000000000                                                                  000071
1020874591800017100000090345100240370REGTIT24411902070431     000000000000598221470000000000000000000000000909210319190207043100000000000059822147280219000000001348023704150  000000000000000000000000000000000000000000000000000000000000000000000000000000000000000000000000000000000000000000000                          0000000000                                                                  000072
1020874591800017100000090345100240370REGTIT14711809069083     000000000000593484450000000000000000000000000910210319180906908300000000000059348445201118000000001328023700000  000000000000000000000000000000000000000000000000000000000000000000000000000000000000000000000000000000000000000000000                          1600000000                                                                  000073
1020874591800017100000090345100240370REGTIT16601810069083     000000000000594414610000000000000000000000000910210319181006908300000000000059441461201118000000001328023700000  000000000000000000000000000000000000000000000000000000000000000000000000000000000000000000000000000000000000000000000                          1600000000                                                                  000074
1020874591800017100000090345100240370REGTIT16601810070273     000000000000594464980000000000000000000000000910210319181007027300000000000059446498201118000000000799023700000  000000000000000000000000000000000000000000000000000000000000000000000000000000000000000000000000000000000000000000000                          1600000000                                                                  000075
1020874591800017100000090345100240370REGTIT16601810071300     0000000000005945296P000000000000000000000000091021031918100713000000000000005945296P201118000000000799023700000  000000000000000000000000000000000000000000000000000000000000000000000000000000000000000000000000000000000000000000000                          1600000000                                                                  000076
1020874591800017100000090345100240370REGTIT1501997102892960   000000009000593749270000000000000000000000000910210319997102892900000000900059374927201118000000001790123700000  000000000000000000000000000000000000000000000000000000000000000000000000000000000000000000000000000000000000000000000                          1600000000                                                                  000077
1020874591800017100000090345100240370REGTIT1945997002496620   000000009000595773050000000000000000000000000910210319997002496600000000900059577305201118000000001861323700000  000000000000000000000000000000000000000000000000000000000000000000000000000000000000000000000000000000000000000000000                          1600000000                                                                  000078
1020874591800017100000090345100240370REGTIT22981901070767     0000000000005973602P000000000000000000000000091221031919010707670000000000005973602P300119000000000998023704150  000000000000000000000000000000000000000000000000000000000000009490000000000000000000000000000000000000000000000000000                          0000000000                                                                  000079
1020874591800017100000090345100240370REGTIT24411902070767     000000000000598235500000000000000000000000000912210319190207076700000000000059823550280219000000000998023704150  000000000000000000000000000000000000000000000000000000000000005140000000000000000000000000000000000000000000000000000                          0000000000                                                                  000080
9201237          000067300000009705671200000570          00000000000000000000001069145000650000010493680001000000014346400000000000000000000000000000000000000200000001996000000000000000000                                                                                                                                                                              00000000000000000000000         000081
