02RETORNO01COBRANCA       00000000000004972103WC SISTEMAS E EQUIPAMENTOS DE 237BRADESCO       0703190160000000560                                                                                                                                                                                                                                                                          080319         000001
1020874591800017100000090345100240370REGTIT2601997099297715   000000009000598675160000000000000000000000000902070319997099297700000000900059867516080319000000003147023704144  000000000014300000000000000000000000000000000000000000000000000000000000000000000000000000000000000000000000000000000                          7600000000                                                                  000002
1020874591800017100000090345100240370REGTIT2601996993728937   000000009000598675240000000000000000000000000902070319996993728900000000900059867524080319000000002370023704157  000000000014300000000000000000000000000000000000000000000000000000000000000000000000000000000000000000000000000000000                          0000000000                                                                  000003
1020874591800017100000090345100240370REGTIT20751812066202     000000000000596231870000000000000000000000000906070319181206620200000000000059623187281218000000002599010403511  000000000000000000000000000000000000000000000000000000000000000000000000000309000000002568100000000000000000000000000   080319078          00000000000000                                                                  000004
1020874591800017100000090345100240370REGTIT22981901065960     000000000000597178580000000000000000000000000906070319190106596000000000000059717858300119000000001399010401266  000000000000000000000000000000000000000000000000000000000000000000000000000000000000001502500000000010350000000000000   080319078          00000000000000                                                                  000005
1020874591800017100000090345100240370REGTIT22981901068712     000000000000597284180000000000000000000000000906070319190106871200000000000059728418300119000000001448004101136  000000000000000000000000000000000000000000000000000000000000000000000000000000000000001556100000000010810000000000000   080319078          00000000000000                                                                  000006
1020874591800017100000090345100240370REGTIT22981901069184     000000000000597298800000000000000000000000000906070319190106918400000000000059729880300119000000001198010401266  000000000000000000000000000000000000000000000000000000000000000000000000000000000000001286700000000008870000000000000   080319078          00000000000000                                                                  000007
1020874591800017100000090345100240370REGTIT24411902006854     000000000000597922210000000000000000000000000906070319190200685400000000000059792221280219000000001150034108614  000000000000000000000000000000000000000000000000000000000000000000000000000000000000001184900000000003490000000000000   080319078          00000000000000                                                                  000008
1020874591800017100000090345100240370REGTIT24411902017195     0000000000005979321P000000000000000000000000090607031919020171950000000000005979321P280219000000002437775603078  000000000000000000000000000000000000000000000000000000000000000000000000000000000000002512300000000007460000000000000   080319078          00000000000000                                                                  000009
1020874591800017100000090345100240370REGTIT24411902018971     000000000000597933840000000000000000000000000906070319190201897100000000000059793384280219000000002418723700471  000000000000000000000000000000000000000000000000000000000000000000000000000000000000002492200000000007350000000000000   080319066          00000000000000                                                                  000010
1020874591800017100000090345100240370REGTIT24411902021206     000000000000597935030000000000000000000000000906070319190202120600000000000059793503280219000000007299123703269  000000000000000000000000000000000000000000000000000000000000000000000000000000000000007521300000000022220000000000000   080319074          00000000000000                                                                  000011
1020874591800017100000090345100240370REGTIT24411902028818     000000000000597942830000000000000000000000000906070319190202881800000000000059794283280219000000003463974801455  000000000000000000000000000000000000000000000000000000000000000000000000000000000000003569500000000010560000000000000   080319078          00000000000000                                                                  000012
1020874591800017100000090345100240370REGTIT24411902029651     000000000000597943560000000000000000000000000906070319190202965100000000000059794356280219000000000998010400371  000000000000000000000000000000000000000000000000000000000000000000000000000000000000001028400000000003040000000000000   080319078          00000000000000                                                                  000013
1020874591800017100000090345100240370REGTIT24411902033767     000000000000597946740000000000000000000000000906070319190203376700000000000059794674280219000000002449710402988  000000000000000000000000000000000000000000000000000000000000000000000000000000000000002524500000000007480000000000000   080319078          00000000000000                                                                  000014
1020874591800017100000090345100240370REGTIT24411902040714     000000000000597953870000000000000000000000000906070319190204071400000000000059795387280219000000000998023706633  000000000000000000000000000000000000000000000000000000000000000000000000000000000000001028400000000003040000000000000   080319074          00000000000000                                                                  000015
1020874591800017100000090345100240370REGTIT24411902044002     000000000000597957860000000000000000000000000906070319190204400200000000000059795786280219000000002138023702822  000000000000000000000000000000000000000000000000000000000000000000000000000000000000002203100000000006510000000000000   080319035          00000000000000                                                                  000016
1020874591800017100000090345100240370REGTIT24411902045272     0000000000005979593P000000000000000000000000090607031919020452720000000000005979593P280219000000001669023706657  000000000000000000000000000000000000000000000000000000000000000000000000000000000000001719800000000005080000000000000   080319035          00000000000000                                                                  000017
1020874591800017100000090345100240370REGTIT24411902046337     0000000000005979609P000000000000000000000000090607031919020463370000000000005979609P280219000000001615063400019  000000000000000000000000000000000000000000000000000000000000000000000000000000000000001664100000000004910000000000000   080319078          00000000000000                                                                  000018
1020874591800017100000090345100240370REGTIT24411902047476     000000000000597962860000000000000000000000000906070319190204747600000000000059796286280219000000001452223705815  000000000000000000000000000000000000000000000000000000000000000000000000000000000000001496600000000004440000000000000   080319082          00000000000000                                                                  000019
1020874591800017100000090345100240370REGTIT24411902049165     000000000000597964050000000000000000000000000906070319190204916500000000000059796405280219000000002085074801449  000000000000000000000000000000000000000000000000000000000000000000000000000000000000002148400000000006340000000000000   080319078          00000000000000                                                                  000020
1020874591800017100000090345100240370REGTIT24411902049172     000000000000597964130000000000000000000000000906070319190204917200000000000059796413280219000000002533034100222  000000000000000000000000000000000000000000000000000000000000000000000000000000000000002610200000000007720000000000000   080319078          00000000000000                                                                  000021
1020874591800017100000090345100240370REGTIT24411902052225     000000000000597969280000000000000000000000000906070319190205222500000000000059796928280219000000001944010401874  000000000000000000000000000000000000000000000000000000000000000000000000000000000000002003100000000005910000000000000   080319078          00000000000000                                                                  000022
1020874591800017100000090345100240370REGTIT24411902053381     000000000000597971180000000000000000000000000906070319190205338100000000000059797118280219000000001914023700203  000000000000000000000000000000000000000000000000000000000000000000000000000000000000001972500000000005850000000000000   080319082          00000000000000                                                                  000023
1020874591800017100000090345100240370REGTIT24411902054945     000000000000597973980000000000000000000000000906070319190205494500000000000059797398280219000000001919523700658  000000000000000000000000000000000000000000000000000000000000000000000000000000000000001978100000000005860000000000000   080319074          00000000000000                                                                  000024
1020874591800017100000090345100240370REGTIT24411902055929     000000000000597975760000000000000000000000000906070319190205592900000000000059797576280219000000001647010403059  000000000000000000000000000000000000000000000000000000000000000000000000000000000000001697400000000005040000000000000   080319078          00000000000000                                                                  000025
1020874591800017100000090345100240370REGTIT24411902058023     000000000000597980170000000000000000000000000906070319190205802300000000000059798017280219000000001928023700524  000000000000000000000000000000000000000000000000000000000000000000000000000000000000001986800000000005880000000000000   080319066          00000000000000                                                                  000026
1020874591800017100000090345100240370REGTIT24411902058057     000000000000597980410000000000000000000000000906070319190205805700000000000059798041280219000000001928010401569  000000000000000000000000000000000000000000000000000000000000000000000000000000000000001986800000000005880000000000000   080319078          00000000000000                                                                  000027
1020874591800017100000090345100240370REGTIT24411902058383     000000000000597982030000000000000000000000000906070319190205838300000000000059798203280219000000001554800100756  000000000000000000000000000000000000000000000000000000000000000000000000000000000000001601900000000004710000000000000   080319078          00000000000000                                                                  000028
1020874591800017100000090345100240370REGTIT24411902058741     000000000000597983350000000000000000000000000906070319190205874100000000000059798335280219000000001678000101216  000000000000000000000000000000000000000000000000000000000000000000000000000000000000001729000000000005100000000000000   080319078          00000000000000                                                                  000029
1020874591800017100000090345100240370REGTIT24411902058815     0000000000005979836P000000000000000000000000090607031919020588150000000000005979836P280219000000001351010400602  000000000000000000000000000000000000000000000000000000000000000000000000000000000000001392000000000004100000000000000   080319078          00000000000000                                                                  000030
1020874591800017100000090345100240370REGTIT24411902059025     000000000000597985050000000000000000000000000906070319190205902500000000000059798505280219000000001599034103715  000000000000000000000000000000000000000000000000000000000000000000000000000000000000001647700000000004870000000000000   080319078          00000000000000                                                                  000031
1020874591800017100000090345100240370REGTIT24411902059672     000000000000597986610000000000000000000000000906070319190205967200000000000059798661280219000000001762823702113  000000000000000000000000000000000000000000000000000000000000000000000000000000000000001816200000000005340000000000000   080319082          00000000000000                                                                  000032
1020874591800017100000090345100240370REGTIT24411902060719     000000000000597990050000000000000000000000000906070319190206071900000000000059799005280219000000001433000102960  000000000000000000000000000000000000000000000000000000000000000000000000000000000000001476300000000004330000000000000   080319078          00000000000000                                                                  000033
1020874591800017100000090345100240370REGTIT24411902060842     000000000000597990720000000000000000000000000906070319190206084200000000000059799072280219000000001202274808097  000000000000000000000000000000000000000000000000000000000000000000000000000000000000001238800000000003660000000000000   080319078          00000000000000                                                                  000034
1020874591800017100000090345100240370REGTIT24411902060878     000000000000597990990000000000000000000000000906070319190206087800000000000059799099280219000000001769023702113  000000000000000000000000000000000000000000000000000000000000000000000000000000000000001823200000000005420000000000000   080319082          00000000000000                                                                  000035
1020874591800017100000090345100240370REGTIT24411902061946     000000000000597995280000000000000000000000000906070319190206194600000000000059799528280219000000001549034108488  000000000000000000000000000000000000000000000000000000000000000000000000000000000000001596000000000004700000000000000   080319078          00000000000000                                                                  000036
1020874591800017100000090345100240370REGTIT24411902061997     000000000000597995600000000000000000000000000906070319190206199700000000000059799560280219000000001549023705815  000000000000000000000000000000000000000000000000000000000000000000000000000000000000001596000000000004700000000000000   080319082          00000000000000                                                                  000037
1020874591800017100000090345100240370REGTIT24411902062036     000000000000597995950000000000000000000000000906070319190206203600000000000059799595280219000000001878000100352  000000000000000000000000000000000000000000000000000000000000000000000000000000000000001935100000000005710000000000000   080319078          00000000000000                                                                  000038
1020874591800017100000090345100240370REGTIT24411902062489     000000000000597999190000000000000000000000000906070319190206248900000000000059799919280219000000001798034104020  000000000000000000000000000000000000000000000000000000000000000000000000000000000000001852800000000005480000000000000   080319078          00000000000000                                                                  000039
1020874591800017100000090345100240370REGTIT24411902062565     000000000000598000030000000000000000000000000906070319190206256500000000000059800003280219000000001798010403342  000000000000000000000000000000000000000000000000000000000000000000000000000000000000001852800000000005480000000000000   080319078          00000000000000                                                                  000040
1020874591800017100000090345100240370REGTIT24411902063096     000000000000598005260000000000000000000000000906070319190206309600000000000059800526280219000000001299010401284  000000000000000000000000000000000000000000000000000000000000000000000000000000000000001338200000000003920000000000000   080319078          00000000000000                                                                  000041
1020874591800017100000090345100240370REGTIT24411902063140     000000000000598005850000000000000000000000000906070319190206314000000000000059800585280219000000001678023701548  000000000000000000000000000000000000000000000000000000000000000000000000000000000000001729000000000005100000000000000   080319035          00000000000000                                                                  000042
1020874591800017100000090345100240370REGTIT24411902063231     000000000000598006580000000000000000000000000906070319190206323100000000000059800658280219000000001675004100570  000000000000000000000000000000000000000000000000000000000000000000000000000000000000001726000000000005100000000000000   080319078          00000000000000                                                                  000043
1020874591800017100000090345100240370REGTIT24411902063431     000000000000598008520000000000000000000000000906070319190206343100000000000059800852280219000000002198034100879  000000000000000000000000000000000000000000000000000000000000000000000000000000000000002265000000000006700000000000000   080319078          00000000000000                                                                  000044
1020874591800017100000090345100240370REGTIT24411902063539     000000000000598009840000000000000000000000000906070319190206353900000000000059800984280219000000001777034103707  000000000000000000000000000000000000000000000000000000000000000000000000000000000000001831400000000005440000000000000   080319078          00000000000000                                                                  000045
1020874591800017100000090345100240370REGTIT24411902064022     0000000000005980159P000000000000000000000000090607031919020640220000000000005980159P280219000000001348000104828  000000000000000000000000000000000000000000000000000000000000000000000000000000000000001388900000000004090000000000000   080319078          00000000000000                                                                  000046
1020874591800017100000090345100240370REGTIT24411902064657     000000000000598025020000000000000000000000000906070319190206465700000000000059802502280219000000001548042200052  000000000000000000000000000000000000000000000000000000000000000000000000000000000000001595000000000004700000000000000   080319078          00000000000000                                                                  000047
1020874591800017100000090345100240370REGTIT24411902064936     000000000000598029600000000000000000000000000906070319190206493600000000000059802960280219000000001848010400320  000000000000000000000000000000000000000000000000000000000000000000000000000000000000001904500000000005650000000000000   080319078          00000000000000                                                                  000048
1020874591800017100000090345100240370REGTIT24411902065067     000000000000598032310000000000000000000000000906070319190206506700000000000059803231280219000000001848023706070  000000000000000000000000000000000000000000000000000000000000000000000000000000000000001904500000000005650000000000000   080319035          00000000000000                                                                  000049
1020874591800017100000090345100240370REGTIT24411902065383     000000000000598041810000000000000000000000000906070319190206538300000000000059804181280219000000001548023702391  000000000000000000000000000000000000000000000000000000000000000000000000000000000000001595000000000004700000000000000   080319014          00000000000000                                                                  000050
1020874591800017100000090345100240370REGTIT24411902065459     000000000000598043780000000000000000000000000906070319190206545900000000000059804378280219000000001748010404460  000000000000000000000000000000000000000000000000000000000000000000000000000000000000001801100000000005310000000000000   080319078          00000000000000                                                                  000051
1020874591800017100000090345100240370REGTIT24411902065466     000000000000598044160000000000000000000000000906070319190206546600000000000059804416280219000000001629510402122  000000000000000000000000000000000000000000000000000000000000000000000000000000000000001678800000000004930000000000000   080319078          00000000000000                                                                  000052
1020874591800017100000090345100240370REGTIT24411902065617     000000000000598048580000000000000000000000000906070319190206561700000000000059804858280219000000001748003302102  000000000000000000000000000000000000000000000000000000000000000000000000000000000000001801100000000005310000000000000   080319078          00000000000000                                                                  000053
1020874591800017100000090345100240370REGTIT24411902065665     000000000000598049630000000000000000000000000906070319190206566500000000000059804963280219000000001398010400373  000000000000000000000000000000000000000000000000000000000000000000000000000000000000001440600000000004260000000000000   080319078          00000000000000                                                                  000054
1020874591800017100000090345100240370REGTIT24411902065882     000000000000598057650000000000000000000000000906070319190206588200000000000059805765280219000000001448010401632  000000000000000000000000000000000000000000000000000000000000000000000000000000000000001492300000000004430000000000000   080319078          00000000000000                                                                  000055
1020874591800017100000090345100240370REGTIT24411902065891     000000000000598057810000000000000000000000000906070319190206589100000000000059805781280219000000001548003301220  000000000000000000000000000000000000000000000000000000000000000000000000000000000000001595000000000004700000000000000   080319078          00000000000000                                                                  000056
1020874591800017100000090345100240370REGTIT24411902065899     0000000000005980582P000000000000000000000000090607031919020658990000000000005980582P280219000000001748075604340  000000000000000000000000000000000000000000000000000000000000000000000000000000000000001801100000000005310000000000000   080319078          00000000000000                                                                  000057
1020874591800017100000090345100240370REGTIT24411902065960     0000000000005980601P000000000000000000000000090607031919020659600000000000005980601P280219000000001399010401266  000000000000000000000000000000000000000000000000000000000000000000000000000000000000001441600000000004260000000000000   080319078          00000000000000                                                                  000058
1020874591800017100000090345100240370REGTIT24411902066083     000000000000598064430000000000000000000000000906070319190206608300000000000059806443280219000000001530610403915  000000000000000000000000000000000000000000000000000000000000000000000000000000000000001577300000000004670000000000000   080319078          00000000000000                                                                  000059
1020874591800017100000090345100240370REGTIT24411902066110     000000000000598065240000000000000000000000000906070319190206611000000000000059806524280219000000001698023700780  000000000000000000000000000000000000000000000000000000000000000000000000000000000000001749400000000005140000000000000   080319082          00000000000000                                                                  000060
1020874591800017100000090345100240370REGTIT24411902066163     000000000000598067610000000000000000000000000906070319190206616300000000000059806761280219000000001388334108488  000000000000000000000000000000000000000000000000000000000000000000000000000000000000001430700000000004240000000000000   080319078          00000000000000                                                                  000061
1020874591800017100000090345100240370REGTIT24411902066272     000000000000598072020000000000000000000000000906070319190206627200000000000059807202280219000000001349010400375  000000000000000000000000000000000000000000000000000000000000000000000000000000000000001389900000000004090000000000000   080319078          00000000000000                                                                  000062
1020874591800017100000090345100240370REGTIT24411902066291     0000000000005980730P000000000000000000000000090607031919020662910000000000005980730P280219000000001498023701197  000000000000000000000000000000000000000000000000000000000000000000000000000000000000001543300000000004530000000000000   080319014          00000000000000                                                                  000063
1020874591800017100000090345100240370REGTIT24411902066297     000000000000598073260000000000000000000000000906070319190206629700000000000059807326280219000000001104734103708  000000000000000000000000000000000000000000000000000000000000000000000000000000000000001138600000000003390000000000000   080319078          00000000000000                                                                  000064
1020874591800017100000090345100240370REGTIT24411902066383     000000000000598076280000000000000000000000000906070319190206638300000000000059807628280219000000001348003304453  000000000000000000000000000000000000000000000000000000000000000000000000000000000000001388900000000004090000000000000   080319078          00000000000000                                                                  000065
1020874591800017100000090345100240370REGTIT24411902066524     0000000000005980825P000000000000000000000000090607031919020665240000000000005980825P280219000000001698003301220  000000000000000000000000000000000000000000000000000000000000000000000000000000000000001749400000000005140000000000000   080319078          00000000000000                                                                  000066
1020874591800017100000090345100240370REGTIT24411902066641     000000000000598087560000000000000000000000000906070319190206664100000000000059808756280219000000001549023700053  000000000000000000000000000000000000000000000000000000000000000000000000000000000000001596000000000004700000000000000   080319035          00000000000000                                                                  000067
1020874591800017100000090345100240370REGTIT24411902066710     000000000000598090780000000000000000000000000906070319190206671000000000000059809078280219000000001348000102803  000000000000000000000000000000000000000000000000000000000000000000000000000000000000001388900000000004090000000000000   080319078          00000000000000                                                                  000068
1020874591800017100000090345100240370REGTIT24411902066828     000000000000598094850000000000000000000000000906070319190206682800000000000059809485280219000000001698023706606  000000000000000000000000000000000000000000000000000000000000000000000000000000000000001749400000000005140000000000000   080319035          00000000000000                                                                  000069
1020874591800017100000090345100240370REGTIT24411902066830     000000000000598094930000000000000000000000000906070319190206683000000000000059809493280219000000001698023705749  000000000000000000000000000000000000000000000000000000000000000000000000000000000000001749400000000005140000000000000   080319002          00000000000000                                                                  000070
1020874591800017100000090345100240370REGTIT24411902066833     000000000000598095070000000000000000000000000906070319190206683300000000000059809507280219000000001698023700491  000000000000000000000000000000000000000000000000000000000000000000000000000000000000001749400000000005140000000000000   080319035          00000000000000                                                                  000071
1020874591800017100000090345100240370REGTIT24411902066938     000000000000598099810000000000000000000000000906070319190206693800000000000059809981280219000000001698003300812  000000000000000000000000000000000000000000000000000000000000000000000000000000000000001749400000000005140000000000000   080319078          00000000000000                                                                  000072
1020874591800017100000090345100240370REGTIT24411902066984     000000000000598101490000000000000000000000000906070319190206698400000000000059810149280219000000001488223701205  000000000000000000000000000000000000000000000000000000000000000000000000000000000000001533300000000004510000000000000   080319035          00000000000000                                                                  000073
1020874591800017100000090345100240370REGTIT24411902067056     000000000000598105210000000000000000000000000906070319190206705600000000000059810521280219000000001698010403866  000000000000000000000000000000000000000000000000000000000000000000000000000000000000001749400000000005140000000000000   080319078          00000000000000                                                                  000074
1020874591800017100000090345100240370REGTIT24411902067074     000000000000598106100000000000000000000000000906070319190206707400000000000059810610280219000000001386523706438  000000000000000000000000000000000000000000000000000000000000000000000000000000000000001428900000000004240000000000000   080319002          00000000000000                                                                  000075
1020874591800017100000090345100240370REGTIT24411902067088     0000000000005981070P000000000000000000000000090607031919020670880000000000005981070P280219000000001698034107473  000000000000000000000000000000000000000000000000000000000000000000000000000000000000001749400000000005140000000000000   080319078          00000000000000                                                                  000076
1020874591800017100000090345100240370REGTIT24411902067110     000000000000598107930000000000000000000000000906070319190206711000000000000059810793280219000000001698023706638  000000000000000000000000000000000000000000000000000000000000000000000000000000000000001749400000000005140000000000000   080319035          00000000000000                                                                  000077
1020874591800017100000090345100240370REGTIT24411902067208     000000000000598111450000000000000000000000000906070319190206720800000000000059811145280219000000001598023707014  000000000000000000000000000000000000000000000000000000000000000000000000000000000000001646700000000004870000000000000   080319035          00000000000000                                                                  000078
1020874591800017100000090345100240370REGTIT24411902067220     000000000000598112180000000000000000000000000906070319190206722000000000000059811218280219000000001388203301012  000000000000000000000000000000000000000000000000000000000000000000000000000000000000001430600000000004240000000000000   080319078          00000000000000                                                                  000079
1020874591800017100000090345100240370REGTIT24411902067250     000000000000598113740000000000000000000000000906070319190206725000000000000059811374280219000000001598023700585  000000000000000000000000000000000000000000000000000000000000000000000000000000000000001646700000000004870000000000000   080319014          00000000000000                                                                  000080
1020874591800017100000090345100240370REGTIT24411902067284     000000000000598115010000000000000000000000000906070319190206728400000000000059811501280219000000001227800103500  000000000000000000000000000000000000000000000000000000000000000000000000000000000000001264900000000003710000000000000   080319078          00000000000000                                                                  000081
1020874591800017100000090345100240370REGTIT24411902067342     000000000000598117490000000000000000000000000906070319190206734200000000000059811749280219000000001838523703286  000000000000000000000000000000000000000000000000000000000000000000000000000000000000001894800000000005630000000000000   080319035          00000000000000                                                                  000082
1020874591800017100000090345100240370REGTIT24411902067477     000000000000598123110000000000000000000000000906070319190206747700000000000059812311280219000000001967723702933  000000000000000000000000000000000000000000000000000000000000000000000000000000000000002028000000000006030000000000000   080319035          00000000000000                                                                  000083
1020874591800017100000090345100240370REGTIT24411902067531     000000000000598125590000000000000000000000000906070319190206753100000000000059812559280219000000000998034109926  000000000000000000000000000000000000000000000000000000000000000000000000000000000000001028400000000003040000000000000   080319078          00000000000000                                                                  000084
1020874591800017100000090345100240370REGTIT24411902067798     000000000000598135550000000000000000000000000906070319190206779800000000000059813555280219000000001097023706378  000000000000000000000000000000000000000000000000000000000000000000000000000000000000001130100000000003310000000000000   080319035          00000000000000                                                                  000085
1020874591800017100000090345100240370REGTIT24411902067832     000000000000598136440000000000000000000000000906070319190206783200000000000059813644280219000000001388203304297  000000000000000000000000000000000000000000000000000000000000000000000000000000000000001430600000000004240000000000000   080319078          00000000000000                                                                  000086
1020874591800017100000090345100240370REGTIT24411902067986     000000000000598139460000000000000000000000000906070319190206798600000000000059813946280219000000001216800105712  000000000000000000000000000000000000000000000000000000000000000000000000000000000000001253700000000003690000000000000   080319078          00000000000000                                                                  000087
1020874591800017100000090345100240370REGTIT24411902068002     000000000000598139890000000000000000000000000906070319190206800200000000000059813989280219000000001348010404986  000000000000000000000000000000000000000000000000000000000000000000000000000000000000001388900000000004090000000000000   080319078          00000000000000                                                                  000088
1020874591800017100000090345100240370REGTIT24411902068162     000000000000598145190000000000000000000000000906070319190206816200000000000059814519280219000000001598034104011  000000000000000000000000000000000000000000000000000000000000000000000000000000000000001646700000000004870000000000000   080319078          00000000000000                                                                  000089
1020874591800017100000090345100240370REGTIT24411902068199     000000000000598146400000000000000000000000000906070319190206819900000000000059814640280219000000001348010401553  000000000000000000000000000000000000000000000000000000000000000000000000000000000000001388900000000004090000000000000   080319078          00000000000000                                                                  000090
1020874591800017100000090345100240370REGTIT24411902068234     000000000000598147640000000000000000000000000906070319190206823400000000000059814764280219000000001598023706984  000000000000000000000000000000000000000000000000000000000000000000000000000000000000001646700000000004870000000000000   080319082          00000000000000                                                                  000091
1020874591800017100000090345100240370REGTIT24411902068281     000000000000598149260000000000000000000000000906070319190206828100000000000059814926280219000000001179010404092  000000000000000000000000000000000000000000000000000000000000000000000000000000000000001215100000000003610000000000000   080319078          00000000000000                                                                  000092
1020874591800017100000090345100240370REGTIT24411902068307     000000000000598150430000000000000000000000000906070319190206830700000000000059815043280219000000001349003303908  000000000000000000000000000000000000000000000000000000000000000000000000000000000000001389900000000004090000000000000   080319078          00000000000000                                                                  000093
1020874591800017100000090345100240370REGTIT24411902068592     000000000000598158920000000000000000000000000906070319190206859200000000000059815892280219000000001448008500106  000000000000000000000000000000000000000000000000000000000000000000000000000000000000001492300000000004430000000000000   080319078          00000000000000                                                                  000094
1020874591800017100000090345100240370REGTIT24411902068595     000000000000598159060000000000000000000000000906070319190206859500000000000059815906280219000000001448010400586  000000000000000000000000000000000000000000000000000000000000000000000000000000000000001492300000000004430000000000000   080319078          00000000000000                                                                  000095
1020874591800017100000090345100240370REGTIT24411902068820     000000000000598166350000000000000000000000000906070319190206882000000000000059816635280219000000001287110400998  000000000000000000000000000000000000000000000000000000000000000000000000000000000000001326100000000003900000000000000   080319078          00000000000000                                                                  000096
1020874591800017100000090345100240370REGTIT24411902068852     000000000000598167590000000000000000000000000906070319190206885200000000000059816759280219000000001448010403915  000000000000000000000000000000000000000000000000000000000000000000000000000000000000001492300000000004430000000000000   080319078          00000000000000                                                                  000097
1020874591800017100000090345100240370REGTIT24411902068946     000000000000598169530000000000000000000000000906070319190206894600000000000059816953280219000000001448003304453  000000000000000000000000000000000000000000000000000000000000000000000000000000000000001492300000000004430000000000000   080319078          00000000000000                                                                  000098
1020874591800017100000090345100240370REGTIT24411902069008     000000000000598171190000000000000000000000000906070319190206900800000000000059817119280219000000001448004100797  000000000000000000000000000000000000000000000000000000000000000000000000000000000000001492300000000004430000000000000   080319078          00000000000000                                                                  000099
1020874591800017100000090345100240370REGTIT24411902069058     000000000000598172910000000000000000000000000906070319190206905800000000000059817291280219000000001349010402997  000000000000000000000000000000000000000000000000000000000000000000000000000000000000001389900000000004090000000000000   080319078          00000000000000                                                                  000100
1020874591800017100000090345100240370REGTIT24411902069118     000000000000598174960000000000000000000000000906070319190206911800000000000059817496280219000000001448010400450  000000000000000000000000000000000000000000000000000000000000000000000000000000000000001492300000000004430000000000000   080319078          00000000000000                                                                  000101
1020874591800017100000090345100240370REGTIT24411902069235     000000000000598178600000000000000000000000000906070319190206923500000000000059817860280219000000001448034106629  000000000000000000000000000000000000000000000000000000000000000000000000000000000000001492300000000004430000000000000   080319078          00000000000000                                                                  000102
1020874591800017100000090345100240370REGTIT24411902069315     000000000000598181070000000000000000000000000906070319190206931500000000000059818107280219000000001448010402975  000000000000000000000000000000000000000000000000000000000000000000000000000000000000001492300000000004430000000000000   080319078          00000000000000                                                                  000103
1020874591800017100000090345100240370REGTIT24411902069432     000000000000598184680000000000000000000000000906070319190206943200000000000059818468280219000000000819003301586  000000000000000000000000000000000000000000000000000000000000000000000000000000000000000843700000000002470000000000000   080319078          00000000000000                                                                  000104
1020874591800017100000090345100240370REGTIT24411902069682     000000000000598192940000000000000000000000000906070319190206968200000000000059819294280219000000001348034103706  000000000000000000000000000000000000000000000000000000000000000000000000000000000000001388900000000004090000000000000   080319078          00000000000000                                                                  000105
1020874591800017100000090345100240370REGTIT24411902069729     000000000000598194720000000000000000000000000906070319190206972900000000000059819472280219000000001348003304388  000000000000000000000000000000000000000000000000000000000000000000000000000000000000001388900000000004090000000000000   080319078          00000000000000                                                                  000106
1020874591800017100000090345100240370REGTIT24411902069796     0000000000005981974P000000000000000000000000090607031919020697960000000000005981974P280219000000001348003301220  000000000000000000000000000000000000000000000000000000000000000000000000000000000000001388900000000004090000000000000   080319078          00000000000000                                                                  000107
1020874591800017100000090345100240370REGTIT24411902069836     000000000000598198710000000000000000000000000906070319190206983600000000000059819871280219000000001249023703158  000000000000000000000000000000000000000000000000000000000000000000000000000000000000001287200000000003820000000000000   080319035          00000000000000                                                                  000108
1020874591800017100000090345100240370REGTIT24411902069926     000000000000598201790000000000000000000000000906070319190206992600000000000059820179280219000000001109010402553  000000000000000000000000000000000000000000000000000000000000000000000000002108000000000898200000000000000000000000000   080319078          00000000000000                                                                  000109
1020874591800017100000090345100240370REGTIT24411902069939     000000000000598202250000000000000000000000000906070319190206993900000000000059820225280219000000001149010403512  000000000000000000000000000000000000000000000000000000000000000000000000000000000000001183800000000003480000000000000   080319078          00000000000000                                                                  000110
1020874591800017100000090345100240370REGTIT24411902069964     000000000000598202920000000000000000000000000906070319190206996400000000000059820292280219000000001348010402974  000000000000000000000000000000000000000000000000000000000000000000000000000000000000001388900000000004090000000000000   080319078          00000000000000                                                                  000111
1020874591800017100000090345100240370REGTIT24411902069999     0000000000005982039P000000000000000000000000090607031919020699990000000000005982039P280219000000001348023703200  000000000000000000000000000000000000000000000000000000000000000000000000000000000000001388900000000004090000000000000   080319066          00000000000000                                                                  000112
1020874591800017100000090345100240370REGTIT24411902070001     000000000000598204030000000000000000000000000906070319190207000100000000000059820403280219000000001348074807149  000000000000000000000000000000000000000000000000000000000000000000000000000000000000001388900000000004090000000000000   080319078          00000000000000                                                                  000113
1020874591800017100000090345100240370REGTIT24411902070046     000000000000598206320000000000000000000000000906070319190207004600000000000059820632280219000000001198034103733  000000000000000000000000000000000000000000000000000000000000000000000000000000000000001234500000000003650000000000000   080319078          00000000000000                                                                  000114
1020874591800017100000090345100240370REGTIT24411902070083     000000000000598207800000000000000000000000000906070319190207008300000000000059820780280219000000001979034102924  000000000000000000000000000000000000000000000000000000000000000000000000000000000000002039500000000006050000000000000   080319078          00000000000000                                                                  000115
1020874591800017100000090345100240370REGTIT24411902070585     000000000000598227830000000000000000000000000906070319190207058500000000000059822783280219000000001348003304296  000000000000000000000000000000000000000000000000000000000000000000000000000000000000001388900000000004090000000000000   080319078          00000000000000                                                                  000116
1020874591800017100000090345100240370REGTIT24411902070590     000000000000598228210000000000000000000000000906070319190207059000000000000059822821280219000000001428934107407  000000000000000000000000000000000000000000000000000000000000000000000000000000000000001472100000000004320000000000000   080319078          00000000000000                                                                  000117
1020874591800017100000090345100240370REGTIT24411902070601     000000000000598228800000000000000000000000000906070319190207060100000000000059822880280219000000001149034103715  000000000000000000000000000000000000000000000000000000000000000000000000000000000000001183800000000003480000000000000   080319078          00000000000000                                                                  000118
1020874591800017100000090345100240370REGTIT24411902070618     0000000000005982297P000000000000000000000000090607031919020706180000000000005982297P280219000000001348010400788  000000000000000000000000000000000000000000000000000000000000000000000000000000000000001388900000000004090000000000000   080319078          00000000000000                                                                  000119
1020874591800017100000090345100240370REGTIT24411902070622     000000000000598229880000000000000000000000000906070319190207062200000000000059822988280219000000001348000101265  000000000000000000000000000000000000000000000000000000000000000000000000000000000000001388900000000004090000000000000   080319078          00000000000000                                                                  000120
1020874591800017100000090345100240370REGTIT24411902070814     000000000000598238010000000000000000000000000906070319190207081400000000000059823801280219000000001249023700426  000000000000000000000000000000000000000000000000000000000000000000000000000000000000001287200000000003820000000000000   080319066          00000000000000                                                                  000121
1020874591800017100000090345100240370REGTIT24411902070857     000000000000598240260000000000000000000000000906070319190207085700000000000059824026280219000000001000023701711  000000000000000000000000000000000000000000000000000000000000000000000000000000000000001030500000000003050000000000000   080319066          00000000000000                                                                  000122
1020874591800017100000090345100240370REGTIT24411902070858     000000000000598240340000000000000000000000000906070319190207085800000000000059824034280219000000001000023701711  000000000000000000000000000000000000000000000000000000000000000000000000000000000000001030500000000003050000000000000   080319066          00000000000000                                                                  000123
1020874591800017100000090345100240370REGTIT24411902070917     000000000000598242710000000000000000000000000906070319190207091700000000000059824271280219000000001348023705720  000000000000000000000000000000000000000000000000000000000000000000000000000000000000001388900000000004090000000000000   080319074          00000000000000                                                                  000124
1020874591800017100000090345100240370REGTIT24411902071084     000000000000598251700000000000000000000000000906070319190207108400000000000059825170280219000000000998003301147  000000000000000000000000000000000000000000000000000000000000000000000000000000000000001028400000000003040000000000000   080319078          00000000000000                                                                  000125
1020874591800017100000090345100240370REGTIT24411902071128     000000000000598253910000000000000000000000000906070319190207112800000000000059825391280219000000000998000101519  000000000000000000000000000000000000000000000000000000000000000000000000000000000000001028400000000003040000000000000   080319078          00000000000000                                                                  000126
1020874591800017100000090345100240370REGTIT24411902071230     0000000000005982591P000000000000000000000000090607031919020712300000000000005982591P280219000000000998034106629  000000000000000000000000000000000000000000000000000000000000000000000000000000000000001028400000000003040000000000000   080319078          00000000000000                                                                  000127
1020874591800017100000090345100240370REGTIT24411902071238     000000000000598259600000000000000000000000000906070319190207123800000000000059825960280219000000000599010403493  000000000000000000000000000000000000000000000000000000000000000000000000000000000000000617200000000001820000000000000   080319078          00000000000000                                                                  000128
1020874591800017100000090345100240370REGTIT24411902071255     000000000000598261180000000000000000000000000906070319190207125500000000000059826118280219000000000998003300062  000000000000000000000000000000000000000000000000000000000000000000000000000000000000001028400000000003040000000000000   080319078          00000000000000                                                                  000129
1020874591800017100000090345100240370REGTIT24411902071281     000000000000598262820000000000000000000000000906070319190207128100000000000059826282280219000000000998034101688  000000000000000000000000000000000000000000000000000000000000000000000000000000000000001028400000000003040000000000000   080319078          00000000000000                                                                  000130
1020874591800017100000090345100240370REGTIT24411902071288     000000000000598263390000000000000000000000000906070319190207128800000000000059826339280219000000001752000101780  000000000000000000000000000000000000000000000000000000000000000000000000000000000000001805200000000005320000000000000   080319078          00000000000000                                                                  000131
1020874591800017100000090345100240370REGTIT24411902071289     000000000000598263470000000000000000000000000906070319190207128900000000000059826347280219000000000998023705720  000000000000000000000000000000000000000000000000000000000000000000000000000000000000001028400000000003040000000000000   080319002          00000000000000                                                                  000132
1020874591800017100000090345100240370REGTIT24411902071308     000000000000598264870000000000000000000000000906070319190207130800000000000059826487280219000000000799034108425  000000000000000000000000000000000000000000000000000000000000000000000000000000000000000823300000000002430000000000000   080319078          00000000000000                                                                  000133
1020874591800017100000090345100240370REGTIT24411902071339     0000000000005982672P000000000000000000000000090607031919020713390000000000005982672P280219000000000750010404546  000000000000000000000000000000000000000000000000000000000000000000000000000000000000000772700000000002270000000000000   080319078          00000000000000                                                                  000134
1020874591800017100000090345100240370REGTIT24411902071377     000000000000598269750000000000000000000000000906070319190207137700000000000059826975280219000000000998010403397  000000000000000000000000000000000000000000000000000000000000000000000000000000000000001028400000000003040000000000000   080319078          00000000000000                                                                  000135
1020874591800017100000090345100240370REGTIT24411902071380     000000000000598269910000000000000000000000000906070319190207138000000000000059826991280219000000000998074801420  000000000000000000000000000000000000000000000000000000000000000000000000000000000000001028400000000003040000000000000   080319078          00000000000000                                                                  000136
1020874591800017100000090345100240370REGTIT24411902071393     000000000000598270760000000000000000000000000906070319190207139300000000000059827076280219000000000998010401001  000000000000000000000000000000000000000000000000000000000000000000000000000000000000001028400000000003040000000000000   080319078          00000000000000                                                                  000137
1020874591800017100000090345100240370REGTIT24411902071399     000000000000598271060000000000000000000000000906070319190207139900000000000059827106280219000000000998023705749  000000000000000000000000000000000000000000000000000000000000000000000000000000000000001028400000000003040000000000000   080319035          00000000000000                                                                  000138
1020874591800017100000090345100240370REGTIT24411902071439     000000000000598273350000000000000000000000000906070319190207143900000000000059827335280219000000000998034100616  000000000000000000000000000000000000000000000000000000000000000000000000000000000000001028400000000003040000000000000   080319078          00000000000000                                                                  000139
1020874591800017100000090345100240370REGTIT24411902071444     000000000000598273780000000000000000000000000906070319190207144400000000000059827378280219000000000998034108425  000000000000000000000000000000000000000000000000000000000000000000000000000000000000001028400000000003040000000000000   080319078          00000000000000                                                                  000140
1020874591800017100000090345100240370REGTIT24411902071459     000000000000598274400000000000000000000000000906070319190207145900000000000059827440280219000000000699003301236  000000000000000000000000000000000000000000000000000000000000000000000000000000000000000719900000000002090000000000000   080319078          00000000000000                                                                  000141
1020874591800017100000090345100240370REGTIT24411902071500     0000000000005982770P000000000000000000000000090607031919020715000000000000005982770P280219000000000998034108116  000000000000000000000000000000000000000000000000000000000000000000000000000000000000001028400000000003040000000000000   080319078          00000000000000                                                                  000142
1020874591800017100000090345100240370REGTIT24411902071553     000000000000598280720000000000000000000000000906070319190207155300000000000059828072280219000000001022510402122  000000000000000000000000000000000000000000000000000000000000000000000000000000000000001053400000000003090000000000000   080319078          00000000000000                                                                  000143
1020874591800017100000090345100240370REGTIT24411902071564     000000000000598281370000000000000000000000000906070319190207156400000000000059828137280219000000000998010403445  000000000000000000000000000000000000000000000000000000000000000000000000000000000000001028400000000003040000000000000   080319078          00000000000000                                                                  000144
1020874591800017100000090345100240370REGTIT24411902071648     000000000000598286760000000000000000000000000906070319190207164800000000000059828676280219000000000998034107768  000000000000000000000000000000000000000000000000000000000000000000000000000000000000001028400000000003040000000000000   080319078          00000000000000                                                                  000145
1020874591800017100000090345100240370REGTIT24411902071739     000000000000598292730000000000000000000000000906070319190207173900000000000059829273280219000000000998034107411  000000000000000000000000000000000000000000000000000000000000000000000000000000000000001028400000000003040000000000000   080319078          00000000000000                                                                  000146
1020874591800017100000090345100240370REGTIT24411902071780     000000000000598295670000000000000000000000000906070319190207178000000000000059829567280219000000000998063300001  000000000000000000000000000000000000000000000000000000000000000000000000000000000000001028400000000003040000000000000   080319078          00000000000000                                                                  000147
1020874591800017100000090345100240370REGTIT24411902071840     000000000000598299310000000000000000000000000906070319190207184000000000000059829931280219000000000898010400375  000000000000000000000000000000000000000000000000000000000000000000000000000000000000000925000000000002700000000000000   080319078          00000000000000                                                                  000148
1020874591800017100000090345100240370REGTIT24411902071864     000000000000598300930000000000000000000000000906070319190207186400000000000059830093280219000000000799034101688  000000000000000000000000000000000000000000000000000000000000000000000000000000000000000823300000000002430000000000000   080319078          00000000000000                                                                  000149
1020874591800017100000090345100240370REGTIT24411902071901     000000000000598303950000000000000000000000000906070319190207190100000000000059830395280219000000000799034108616  000000000000000000000000000000000000000000000000000000000000000000000000000000000000000823300000000002430000000000000   080319078          00000000000000                                                                  000150
1020874591800017100000090345100240370REGTIT24411902071903     000000000000598304090000000000000000000000000906070319190207190300000000000059830409280219000000000998023700477  000000000000000000000000000000000000000000000000000000000000000000000000000000000000001028400000000003040000000000000   080319035          00000000000000                                                                  000151
1020874591800017100000090345100240370REGTIT24411902071919     000000000000598305300000000000000000000000000906070319190207191900000000000059830530280219000000000862075601734  000000000000000000000000000000000000000000000000000000000000000000000000000000000000000888300000000002630000000000000   080319078          00000000000000                                                                  000152
1020874591800017100000090345100240370REGTIT24411902072015     000000000000598312860000000000000000000000000906070319190207201500000000000059831286280219000000000799075602364  000000000000000000000000000000000000000000000000000000000000000000000000000000000000000823300000000002430000000000000   080319078          00000000000000                                                                  000153
1020874591800017100000090345100240370REGTIT24411902072042     000000000000598314720000000000000000000000000906070319190207204200000000000059831472280219000000000998023702709  000000000000000000000000000000000000000000000000000000000000000000000000000000000000001028400000000003040000000000000   080319035          00000000000000                                                                  000154
1020874591800017100000090345100240370REGTIT24411902072119     000000000000598319790000000000000000000000000906070319190207211900000000000059831979280219000000000998010400788  000000000000000000000000000000000000000000000000000000000000000000000000000000000000001028400000000003040000000000000   080319078          00000000000000                                                                  000155
1020874591800017100000090345100240370REGTIT24411902072159     0000000000005983224P000000000000000000000000090607031919020721590000000000005983224P280219000000001177023702995  000000000000000000000000000000000000000000000000000000000000000000000000000000000000001213100000000003610000000000000   080319035          00000000000000                                                                  000156
1020874591800017100000090345100240370REGTIT24411902072251     000000000000598329320000000000000000000000000906070319190207225100000000000059832932280219000000000998074801420  000000000000000000000000000000000000000000000000000000000000000000000000000000000000001028400000000003040000000000000   080319078          00000000000000                                                                  000157
1020874591800017100000090345100240370REGTIT24411902072268     000000000000598330250000000000000000000000000906070319190207226800000000000059833025280219000000000700003300810  000000000000000000000000000000000000000000000000000000000000000000000000000000000000000721700000000002170000000000000   080319078          00000000000000                                                                  000158
1020874591800017100000090345100240370REGTIT24411902072276     000000000000598330920000000000000000000000000906070319190207227600000000000059833092280219000000000599010403626  000000000000000000000000000000000000000000000000000000000000000000000000000000000000000617200000000001820000000000000   080319078          00000000000000                                                                  000159
1020874591800017100000090345100240370REGTIT24411902072284     000000000000598331570000000000000000000000000906070319190207228400000000000059833157280219000000000799023702995  000000000000000000000000000000000000000000000000000000000000000000000000000000000000000823300000000002430000000000000   080319035          00000000000000                                                                  000160
1020874591800017100000090345100240370REGTIT24411902072296     000000000000598332620000000000000000000000000906070319190207229600000000000059833262280219000000000799023701205  000000000000000000000000000000000000000000000000000000000000000000000000000000000000000823300000000002430000000000000   080319035          00000000000000                                                                  000161
1020874591800017100000090345100240370REGTIT24411902072297     000000000000598332700000000000000000000000000906070319190207229700000000000059833270280219000000000799023701205  000000000000000000000000000000000000000000000000000000000000000000000000000000000000000823300000000002430000000000000   080319035          00000000000000                                                                  000162
1020874591800017100000090345100240370REGTIT24411902072337     000000000000598335990000000000000000000000000906070319190207233700000000000059833599280219000000000899034103703  000000000000000000000000000000000000000000000000000000000000000000000000000000000000000926000000000002700000000000000   080319078          00000000000000                                                                  000163
1020874591800017100000090345100240370REGTIT24411902072343     000000000000598336450000000000000000000000000906070319190207234300000000000059833645280219000000000998034107473  000000000000000000000000000000000000000000000000000000000000000000000000000000000000001028400000000003040000000000000   080319078          00000000000000                                                                  000164
1020874591800017100000090345100240370REGTIT24411902072346     000000000000598336610000000000000000000000000906070319190207234600000000000059833661280219000000000799074807057  000000000000000000000000000000000000000000000000000000000000000000000000000000000000000823300000000002430000000000000   080319078          00000000000000                                                                  000165
1020874591800017100000090345100240370REGTIT24411902072409     000000000000598341610000000000000000000000000906070319190207240900000000000059834161280219000000000998023703158  000000000000000000000000000000000000000000000000000000000000000000000000000000000000001028400000000003040000000000000   080319082          00000000000000                                                                  000166
1020874591800017100000090345100240370REGTIT24411902072439     000000000000598343660000000000000000000000000906070319190207243900000000000059834366280219000000000998034103377  000000000000000000000000000000000000000000000000000000000000000000000000000000000000001028400000000003040000000000000   080319078          00000000000000                                                                  000167
1020874591800017100000090345100240370REGTIT24411902072461     000000000000598345280000000000000000000000000906070319190207246100000000000059834528280219000000001348003303972  000000000000000000000000000000000000000000000000000000000000000000000000000000000000001388900000000004090000000000000   080319078          00000000000000                                                                  000168
1020874591800017100000090345100240370REGTIT24411902072482     0000000000005983465P000000000000000000000000090607031919020724820000000000005983465P280219000000000699010403493  000000000000000000000000000000000000000000000000000000000000000000000000000000000000000719900000000002090000000000000   080319078          00000000000000                                                                  000169
1020874591800017100000090345100240370REGTIT24411902072527     000000000000598350520000000000000000000000000906070319190207252700000000000059835052280219000000000798000100140  000000000000000000000000000000000000000000000000000000000000000000000000000000000000000822300000000002430000000000000   080319078          00000000000000                                                                  000170
1020874591800017100000090345100240370REGTIT24411902072571     000000000000598354000000000000000000000000000906070319190207257100000000000059835400280219000000000998003303972  000000000000000000000000000000000000000000000000000000000000000000000000000000000000001028400000000003040000000000000   080319078          00000000000000                                                                  000171
1020874591800017100000090345100240370REGTIT24411902072612     000000000000598357020000000000000000000000000906070319190207261200000000000059835702280219000000000799000100495  000000000000000000000000000000000000000000000000000000000000000000000000000000000000000823300000000002430000000000000   080319078          00000000000000                                                                  000172
1020874591800017100000090345100240370REGTIT24411902072660     0000000000005983613P000000000000000000000000090607031919020726600000000000005983613P280219000000000998023706583  000000000000000000000000000000000000000000000000000000000000000000000000000000000000001028400000000003040000000000000   080319035          00000000000000                                                                  000173
1020874591800017100000090345100240370REGTIT24411902072791     000000000000598372760000000000000000000000000906070319190207279100000000000059837276280219000000000998023701977  000000000000000000000000000000000000000000000000000000000000000000000000000000000000001028400000000003040000000000000   080319082          00000000000000                                                                  000174
1020874591800017100000090345100240370REGTIT24411902072833     000000000000598376750000000000000000000000000906070319190207283300000000000059837675280219000000000799010404546  000000000000000000000000000000000000000000000000000000000000000000000000000000000000000823300000000002430000000000000   080319078          00000000000000                                                                  000175
1020874591800017100000090345100240370REGTIT24411902072884     000000000000598381400000000000000000000000000906070319190207288400000000000059838140280219000000000998010404546  000000000000000000000000000000000000000000000000000000000000000000000000000000000000001028400000000003040000000000000   080319078          00000000000000                                                                  000176
1020874591800017100000090345100240370REGTIT24411902072912     000000000000598383960000000000000000000000000906070319190207291200000000000059838396280219000000000998000100406  000000000000000000000000000000000000000000000000000000000000000000000000000000000000001028400000000003040000000000000   080319078          00000000000000                                                                  000177
1020874591800017100000090345100240370REGTIT24411902073044     000000000000598396350000000000000000000000000906070319190207304400000000000059839635280219000000000699010402863  000000000000000000000000000000000000000000000000000000000000000000000000000000000000000719900000000002090000000000000   080319078          00000000000000                                                                  000178
1020874591800017100000090345100240370REGTIT24411902073059     000000000000598397830000000000000000000000000906070319190207305900000000000059839783280219000000001299034103715  000000000000000000000000000000000000000000000000000000000000000000000000000000000000001338200000000003920000000000000   080319078          00000000000000                                                                  000179
1020874591800017100000090345100240370REGTIT24411902073060     000000000000598397910000000000000000000000000906070319190207306000000000000059839791280219000000001299034103715  000000000000000000000000000000000000000000000000000000000000000000000000000000000000001338200000000003920000000000000   080319078          00000000000000                                                                  000180
1020874591800017100000090345100240370REGTIT24411902073079     000000000000598399610000000000000000000000000906070319190207307900000000000059839961280219000000001067023703158  000000000000000000000000000000000000000000000000000000000000000000000000000000000000001099500000000003250000000000000   080319035          00000000000000                                                                  000181
1020874591800017100000090345100240370REGTIT24411902073110     000000000000598402690000000000000000000000000906070319190207311000000000000059840269280219000000000998023701281  000000000000000000000000000000000000000000000000000000000000000000000000000000000000001028400000000003040000000000000   080319082          00000000000000                                                                  000182
1020874591800017100000090345100240370REGTIT24411902073111     000000000000598402770000000000000000000000000906070319190207311100000000000059840277280219000000000998023701345  000000000000000000000000000000000000000000000000000000000000000000000000000000000000001028400000000003040000000000000   080319074          00000000000000                                                                  000183
1020874591800017100000090345100240370REGTIT24411902073122     000000000000598403740000000000000000000000000906070319190207312200000000000059840374280219000000000799003302102  000000000000000000000000000000000000000000000000000000000000000000000000000000000000000823300000000002430000000000000   080319078          00000000000000                                                                  000184
1020874591800017100000090345100240370REGTIT2571997304454821   000000009000598633400000000000000000000000000906070319997304454800000000900059863340070319000000001500010402863  000000000000000000000000000000000000000000000000000000000000000000000000000000000000001500000000000000000000000000000   080319078          00000000000000                                                                  000185
1020874591800017100000090345100240370REGTIT22981901038203     000000000000597067590000000000000000000000000909070319190103820300000000000059706759300119000000002637023704150  000000000000000000000000000000000000000000000000000000000000000000000000000000000000000000000000000000000000000000000                          0000000000                                                                  000186
1020874591800017100000090345100240370REGTIT24411902069570     000000000000598188830000000000000000000000000909070319190206957000000000000059818883280219000000001448023704150  000000000000000000000000000000000000000000000000000000000000000000000000000000000000000000000000000000000000000000000                          0000000000                                                                  000187
1020874591800017100000090345100240370REGTIT2061994411717479   000000009000596024310000000000000000000000000909070319994411717400000000900059602431101218000000003273023704150  000000000000000000000000000000000000000000000000000000000000000000000000000000000000000000000000000000000000000000000                          0000000000                                                                  000188
1020874591800017100000090345100240370REGTIT2151997223332699   000000009000596755010000000000000000000000000909070319997223332600000000900059675501241218000000002397023704150  000000000000000000000000000000000000000000000000000000000000000000000000000000000000000000000000000000000000000000000                          0000000000                                                                  000189
1020874591800017100000090345100240370REGTIT2289997175845014   000000009000597020020000000000000000000000000909070319997175845000000000900059702002180119000000002397023704150  000000000000000000000000000000000000000000000000000000000000000000000000000000000000000000000000000000000000000000000                          0000000000                                                                  000190
1020874591800017100000090345100240370REGTIT2296996273519690   000000009000597031650000000000000000000000000909070319996273519600000000900059703165110119000000002500023704150  000000000000000000000000000000000000000000000000000000000000000000000000000000000000000000000000000000000000000000000                          0000000000                                                                  000191
1020874591800017100000090345100240370REGTIT2386997185786628   000000009000597713140000000000000000000000000909070319997185786600000000900059771314010219000000001953023704150  000000000000000000000000000000000000000000000000000000000000000000000000000000000000000000000000000000000000000000000                          0000000000                                                                  000192
1020874591800017100000090345100240370REGTIT20751812017439     000000000000596088540000000000000000000000000912070319181201743900000000000059608854281218000000002737823704150  000000000000000000000000000000000000000000000000000000000000121940000000000000000000000000000000000000000000000000000                          0000000000                                                                  000193
1020874591800017100000090345100240370REGTIT24411902058474     000000000000597982380000000000000000000000000912070319190205847400000000000059798238280219000000001551823704150  000000000000000000000000000000000000000000000000000000000000040000000000000000000000000000000000000000000000000000000                          0000000000                                                                  000194
1020874591800017100000090345100240370REGTIT24411902067061     000000000000598105560000000000000000000000000912070319190206706100000000000059810556280219000000001598023704150  000000000000000000000000000000000000000000000000000000000000060000000000000000000000000000000000000000000000000000000                          0000000000                                                                  000195
1020874591800017100000090345100240370REGTIT24411902069402     000000000000598183520000000000000000000000000912070319190206940200000000000059818352280219000000002494023704150  000000000000000000000000000000000000000000000000000000000000097000000000000000000000000000000000000000000000000000000                          0000000000                                                                  000196
1020874591800017100000090345100240370                         000000000000598403580000000000000000000000000917060319          00000000000059840358000000000000001026934103715  000000000000000000000000000000000000000000000000000000000000000000000000000000000000001026900000000000000000000000000   080319078              0000000000                                                                  000197
1020874591800017100000090345100240370REGTIT25941901038203     000000000000597067590000000000000000000000000927070319190103820300000000000059706759300119000000002637023700000  000000000000000000000000000000000000000000000000000000000000000000000000000000000000000000000000000000000000000000000                          6000000000                                                                  000198
1020874591800017100000090345100240370REGTIT260199658598198    000000009000594762070000000000000000000000000927070319996585981900000000900059476207251018000000003597023700000  000000000000000000000000000000000000000000000000000000000000000000000000000000000000000000000000000000000000000000000                          6000000000                                                                  000199
1020874591800017100000090345100240370REGTIT2600994411717479   000000009000596024310000000000000000000000000927070319994411717400000000900059602431101218000000003273023700000  000000000000000000000000000000000000000000000000000000000000000000000000000000000000000000000000000000000000000000000                          6000000000                                                                  000200
1020874591800017100000090345100240370REGTIT2600997223332699   000000009000596755010000000000000000000000000927070319997223332600000000900059675501241218000000002397023700000  000000000000000000000000000000000000000000000000000000000000000000000000000000000000000000000000000000000000000000000                          6000000000                                                                  000201
1020874591800017100000090345100240370REGTIT2600997175845014   000000009000597020020000000000000000000000000927070319997175845000000000900059702002180119000000002397023700000  000000000000000000000000000000000000000000000000000000000000000000000000000000000000000000000000000000000000000000000                          6000000000                                                                  000202
1020874591800017100000090345100240370REGTIT2600997185786628   000000009000597713140000000000000000000000000927070319997185786600000000900059771314010219000000001953023700000  000000000000000000000000000000000000000000000000000000000000000000000000000000000000000000000000000000000000000000000                          6000000000                                                                  000203
9201237          000031130000004524479700000560          00002000000055170000002598775001820000025242110000700000016605000000000000000000000000000000000000000400000008381600000000000000000                                                                                                                                                                              00000000000000000000000         000204
