02RETORNO01COBRANCA       00000000000004972103WC SISTEMAS E EQUIPAMENTOS DE 237BRADESCO       2603190160000000573                                                                                                                                                                                                                                                                          270319         000001
1020874591800017100000090345100240370REGTIT2660993875695744   000000009000599564380000000000000000000000000902260319993875695700000000900059956438270319000000008550823704157  000000000014300000000000000000000000000000000000000000000000000000000000000000000000000000000000000000000000000000000                          7600000000                                                                  000002
1020874591800017100000090345100240370REGTIT26601903000073     000000000000598781420000000000000000000000000903260319190300007300000000000059878142290319000000000049523704144  000000000000000000000000000000000000000000000000000000000000000000000000000000000000000000000000000000000000000000000                          4600000000                                                                  000003
1020874591800017100000090345100240370REGTIT26601903000764     000000000000598782150000000000000000000000000903260319190300076400000000000059878215290319000000046820623704144  000000000000000000000000000000000000000000000000000000000000000000000000000000000000000000000000000000000000000000000                          4600000000                                                                  000004
1020874591800017100000090345100240370REGTIT14711809069051     000000000000593483210000000000000000000000000906260319180906905100000000000059348321261118000000001448023706607  000000000000000000000000000000000000000000000000000000000000000000000000000000000000001740900000000029290000000000000   270319074          00000000000000                                                                  000005
1020874591800017100000090345100240370REGTIT16601810052861     000000000000594188770000000000000000000000000906260319181005286100000000000059418877011218000000001649000102687  000000000000000000000000000000000000000000000000000000000000000000000000000000000000001839900000000019090000000000000   270319078          00000000000000                                                                  000006
1020874591800017100000090345100240370REGTIT18811811052861     000000000000595210740000000000000000000000000906260319181105286100000000000059521074301118000000001779000102687  000000000000000000000000000000000000000000000000000000000000000000000000000000000000002072300000000029330000000000000   270319078          00000000000000                                                                  000007
1020874591800017100000090345100240370REGTIT20751812069051     000000000000596341110000000000000000000000000906260319181206905100000000000059634111281218000000002597023706607  000000000000000000000000000000000000000000000000000000000000000000000000000000000000002992100000000039510000000000000   270319074          00000000000000                                                                  000008
1020874591800017100000090345100240370REGTIT22981901063748     0000000000005971297P000000000000000000000000090626031919010637480000000000005971297P300119000000001749010401199  000000000000000000000000000000000000000000000000000000000000000000000000000000000000001926900000000017790000000000000   270319078          00000000000000                                                                  000009
1020874591800017100000090345100240370REGTIT22981901069051     000000000000597294220000000000000000000000000906260319190106905100000000000059729422300119000000001448023706607  000000000000000000000000000000000000000000000000000000000000000000000000000000000000001597900000000014990000000000000   270319074          00000000000000                                                                  000010
1020874591800017100000090345100240370REGTIT24411902011848     0000000000005979271P000000000000000000000000090626031919020118480000000000005979271P280219000000000998000103849  000000000000000000000000000000000000000000000000000000000000000000000000000000000000001056900000000005890000000000000   270319078          00000000000000                                                                  000011
1020874591800017100000090345100240370REGTIT24411902016024     000000000000597930820000000000000000000000000906260319190201602400000000000059793082280219000000004589410401286  000000000000000000000000000000000000000000000000000000000000000000000000000000000000004860500000000027110000000000000   270319078          00000000000000                                                                  000012
1020874591800017100000090345100240370REGTIT24411902039700     000000000000597952630000000000000000000000000906260319190203970000000000000059795263280219000000000998075603035  000000000000000000000000000000000000000000000000000000000000000000000000000000000000001056900000000005890000000000000   270319078          00000000000000                                                                  000013
1020874591800017100000090345100240370REGTIT24411902042113     000000000000597955570000000000000000000000000906260319190204211300000000000059795557280219000000001264510400998  000000000000000000000000000000000000000000000000000000000000000000000000000000000000001339100000000007460000000000000   270319078          00000000000000                                                                  000014
1020874591800017100000090345100240370REGTIT24411902050472     000000000000597966500000000000000000000000000906260319190205047200000000000059796650280219000000001809075604368  000000000000000000000000000000000000000000000000000000000000000000000000000000000000001915300000000010630000000000000   270319078          00000000000000                                                                  000015
1020874591800017100000090345100240370REGTIT24411902062018     000000000000597995870000000000000000000000000906260319190206201800000000000059799587280219000000002797910403001  000000000000000000000000000000000000000000000000000000000000000000000000000000000000002963000000000016510000000000000   270319078          00000000000000                                                                  000016
1020874591800017100000090345100240370REGTIT24411902065782     000000000000598054470000000000000000000000000906260319190206578200000000000059805447280219000000001748010403371  000000000000000000000000000000000000000000000000000000000000000000000000000000000000001850500000000010250000000000000   270319078          00000000000000                                                                  000017
1020874591800017100000090345100240370REGTIT24411902068650     0000000000005981604P000000000000000000000000090626031919020686500000000000005981604P280219000000001249010403379  000000000000000000000000000000000000000000000000000000000000000000000000000000000000001323300000000007430000000000000   270319078          00000000000000                                                                  000018
1020874591800017100000090345100240370REGTIT24411902069051     000000000000598172750000000000000000000000000906260319190206905100000000000059817275280219000000001448023706607  000000000000000000000000000000000000000000000000000000000000000000000000000000000000001534100000000008610000000000000   270319074          00000000000000                                                                  000019
1020874591800017100000090345100240370REGTIT24411902069470     000000000000598185570000000000000000000000000906260319190206947000000000000059818557280219000000002191003302102  000000000000000000000000000000000000000000000000000000000000000000000000000000000000002320600000000012960000000000000   270319078          00000000000000                                                                  000020
1020874591800017100000090345100240370REGTIT24411902070892     000000000000598241660000000000000000000000000906260319190207089200000000000059824166280219000000000999023703044  000000000000000000000000000000000000000000000000000000000000000000000000000000000000001057900000000005890000000000000   270319035          00000000000000                                                                  000021
1020874591800017100000090345100240370REGTIT24411902071520     000000000000598278820000000000000000000000000906260319190207152000000000000059827882280219000000000799003302102  000000000000000000000000000000000000000000000000000000000000000000000000000000000000000846100000000004710000000000000   270319078          00000000000000                                                                  000022
1020874591800017100000090345100240370REGTIT24411902071663     000000000000598287650000000000000000000000000906260319190207166300000000000059828765280219000000000998010403492  000000000000000000000000000000000000000000000000000000000000000000000000000000000000001056900000000005890000000000000   270319078          00000000000000                                                                  000023
1020874591800017100000090345100240370REGTIT24411902072160     000000000000598322580000000000000000000000000906260319190207216000000000000059832258280219000000001454503300968  000000000000000000000000000000000000000000000000000000000000000000000000000000000000001540700000000008620000000000000   270319078          00000000000000                                                                  000024
1020874591800017100000090345100240370REGTIT24411902072293     000000000000598332380000000000000000000000000906260319190207229300000000000059833238280219000000001204703301586  000000000000000000000000000000000000000000000000000000000000000000000000000000000000001275500000000007080000000000000   270319078          00000000000000                                                                  000025
1020874591800017100000090345100240370REGTIT24411902073007     000000000000598392950000000000000000000000000906260319190207300700000000000059839295280219000000000998010401695  000000000000000000000000000000000000000000000000000000000000000000000000000000000000001056900000000005890000000000000   270319078          00000000000000                                                                  000026
1020874591800017100000090345100240370REGTIT24411902073152     000000000000598406410000000000000000000000000906260319190207315200000000000059840641280219000000000998010401286  000000000000000000000000000000000000000000000000000000000000000000000000000000000000001056900000000005890000000000000   270319078          00000000000000                                                                  000027
1020874591800017100000090345100240370REGTIT26211903021928     000000000000598799710000000000000000000000000906260319190302192800000000000059879971290319000000002657610400852  000000000000000000000000000000000000000000000000000000000000000000000000000000000000002657600000000000000000000000000   270319078          00000000000000                                                                  000028
1020874591800017100000090345100240370REGTIT26211903022956     000000000000598800580000000000000000000000000906260319190302295600000000000059880058290319000000002416875601721  000000000000000000000000000000000000000000000000000000000000000000000000000000000000002416800000000000000000000000000   270319078          00000000000000                                                                  000029
1020874591800017100000090345100240370REGTIT26211903027986     000000000000598805890000000000000000000000000906260319190302798600000000000059880589290319000000001971000101836  000000000000000000000000000000000000000000000000000000000000000000000000000000000000001971000000000000000000000000000   270319078          00000000000000                                                                  000030
1020874591800017100000090345100240370REGTIT26211903030626     000000000000598807670000000000000000000000000906260319190303062600000000000059880767290319000000003800200102414  000000000000000000000000000000000000000000000000000000000000000000000000000000000000003800200000000000000000000000000   270319078          00000000000000                                                                  000031
1020874591800017100000090345100240370REGTIT26211903042384     000000000000598819410000000000000000000000000906260319190304238400000000000059881941290319000000005072910404395  000000000000000000000000000000000000000000000000000000000000000000000000000000000000005072900000000000000000000000000   270319078          00000000000000                                                                  000032
1020874591800017100000090345100240370REGTIT26211903053670     000000000000598834210000000000000000000000000906260319190305367000000000000059883421290319000000001637810403460  000000000000000000000000000000000000000000000000000000000000000000000000000000000000001637800000000000000000000000000   270319078          00000000000000                                                                  000033
1020874591800017100000090345100240370REGTIT26211903055725     000000000000598837660000000000000000000000000906260319190305572500000000000059883766290319000000001928023701472  000000000000000000000000000000000000000000000000000000000000000000000000000000000000001928000000000000000000000000000   270319035          00000000000000                                                                  000034
1020874591800017100000090345100240370REGTIT26211903055814     000000000000598837900000000000000000000000000906260319190305581400000000000059883790290319000000008181000105712  000000000000000000000000000000000000000000000000000000000000000000000000000000000000008181000000000000000000000000000   270319078          00000000000000                                                                  000035
1020874591800017100000090345100240370REGTIT26211903058199     000000000000598843470000000000000000000000000906260319190305819900000000000059884347290319000000002461910404939  000000000000000000000000000000000000000000000000000000000000000000000000000000000000002461900000000000000000000000000   270319078          00000000000000                                                                  000036
1020874591800017100000090345100240370REGTIT26211903058596     000000000000598844870000000000000000000000000906260319190305859600000000000059884487290319000000002172574800723  000000000000000000000000000000000000000000000000000000000000000000000000000000000000002172500000000000000000000000000   270319078          00000000000000                                                                  000037
1020874591800017100000090345100240370REGTIT26211903059809     000000000000598848940000000000000000000000000906260319190305980900000000000059884894290319000000001878034108751  000000000000000000000000000000000000000000000000000000000000000000000000000000000000001878000000000000000000000000000   270319078          00000000000000                                                                  000038
1020874591800017100000090345100240370REGTIT26211903060333     0000000000005988505P000000000000000000000000090626031919030603330000000000005988505P290319000000000999034106065  000000000000000000000000000000000000000000000000000000000000000000000000000000000000000999000000000000000000000000000   270319078          00000000000000                                                                  000039
1020874591800017100000090345100240370REGTIT26211903061292     000000000000598853860000000000000000000000000906260319190306129200000000000059885386290319000000003585510401102  000000000000000000000000000000000000000000000000000000000000000000000000000000000000003585500000000000000000000000000   270319078          00000000000000                                                                  000040
1020874591800017100000090345100240370REGTIT26211903061338     000000000000598854080000000000000000000000000906260319190306133800000000000059885408290319000000002278034104456  000000000000000000000000000000000000000000000000000000000000000000000000000000000000002278000000000000000000000000000   270319078          00000000000000                                                                  000041
1020874591800017100000090345100240370REGTIT26211903061496     000000000000598854160000000000000000000000000906260319190306149600000000000059885416290319000000001197000100695  000000000000000000000000000000000000000000000000000000000000000000000000000000000000001197000000000000000000000000000   270319078          00000000000000                                                                  000042
1020874591800017100000090345100240370REGTIT26211903062261     000000000000598858230000000000000000000000000906260319190306226100000000000059885823290319000000001878075603325  000000000000000000000000000000000000000000000000000000000000000000000000000000000000001878000000000000000000000000000   270319078          00000000000000                                                                  000043
1020874591800017100000090345100240370REGTIT26211903063247     000000000000598867300000000000000000000000000906260319190306324700000000000059886730290319000000001299010400865  000000000000000000000000000000000000000000000000000000000000000000000000000000000000001299000000000000000000000000000   270319078          00000000000000                                                                  000044
1020874591800017100000090345100240370REGTIT26211903063517     000000000000598869860000000000000000000000000906260319190306351700000000000059886986290319000000001248003300810  000000000000000000000000000000000000000000000000000000000000000000000000000000000000001248000000000000000000000000000   270319078          00000000000000                                                                  000045
1020874591800017100000090345100240370REGTIT26211903063627     000000000000598870950000000000000000000000000906260319190306362700000000000059887095290319000000002308074800230  000000000000000000000000000000000000000000000000000000000000000000000000000000000000002308000000000000000000000000000   270319078          00000000000000                                                                  000046
1020874591800017100000090345100240370REGTIT26211903063704     000000000000598871840000000000000000000000000906260319190306370400000000000059887184290319000000002358674807099  000000000000000000000000000000000000000000000000000000000000000000000000000000000000002358600000000000000000000000000   270319078          00000000000000                                                                  000047
1020874591800017100000090345100240370REGTIT26211903063792     000000000000598872810000000000000000000000000906260319190306379200000000000059887281290319000000001249034103707  000000000000000000000000000000000000000000000000000000000000000000000000000000000000001249000000000000000000000000000   270319078          00000000000000                                                                  000048
1020874591800017100000090345100240370REGTIT26211903064018     000000000000598875830000000000000000000000000906260319190306401800000000000059887583290319000000001848010403640  000000000000000000000000000000000000000000000000000000000000000000000000000000000000001848000000000000000000000000000   270319078          00000000000000                                                                  000049
1020874591800017100000090345100240370REGTIT26211903064184     000000000000598878690000000000000000000000000906260319190306418400000000000059887869290319000000001164034103709  000000000000000000000000000000000000000000000000000000000000000000000000000000000000001164000000000000000000000000000   270319078          00000000000000                                                                  000050
1020874591800017100000090345100240370REGTIT26211903064590     000000000000598883420000000000000000000000000906260319190306459000000000000059888342290319000000001383310403379  000000000000000000000000000000000000000000000000000000000000000000000000000000000000001383300000000000000000000000000   270319078          00000000000000                                                                  000051
1020874591800017100000090345100240370REGTIT26211903064645     000000000000598884580000000000000000000000000906260319190306464500000000000059888458290319000000001848010400381  000000000000000000000000000000000000000000000000000000000000000000000000000000000000001848000000000000000000000000000   270319078          00000000000000                                                                  000052
1020874591800017100000090345100240370REGTIT26211903064781     000000000000598887330000000000000000000000000906260319190306478100000000000059888733290319000000001848010400369  000000000000000000000000000000000000000000000000000000000000000000000000000000000000001848000000000000000000000000000   270319078          00000000000000                                                                  000053
1020874591800017100000090345100240370REGTIT26211903064936     000000000000598889460000000000000000000000000906260319190306493600000000000059888946290319000000001848010400320  000000000000000000000000000000000000000000000000000000000000000000000000000000000000001848000000000000000000000000000   270319078          00000000000000                                                                  000054
1020874591800017100000090345100240370REGTIT26211903065010     000000000000598890630000000000000000000000000906260319190306501000000000000059889063290319000000000254010400428  000000000000000000000000000000000000000000000000000000000000000000000000000000000000000254000000000000000000000000000   270319078          00000000000000                                                                  000055
1020874591800017100000090345100240370REGTIT26211903065283     000000000000598898290000000000000000000000000906260319190306528300000000000059889829290319000000001550010400320  000000000000000000000000000000000000000000000000000000000000000000000000000000000000001550000000000000000000000000000   270319078          00000000000000                                                                  000056
1020874591800017100000090345100240370REGTIT26211903065318     000000000000598899690000000000000000000000000906260319190306531800000000000059889969290319000000002656010400406  000000000000000000000000000000000000000000000000000000000000000000000000000000000000002656000000000000000000000000000   270319078          00000000000000                                                                  000057
1020874591800017100000090345100240370REGTIT26211903065460     000000000000598903470000000000000000000000000906260319190306546000000000000059890347290319000000001767034103722  000000000000000000000000000000000000000000000000000000000000000000000000000000000000001767000000000000000000000000000   270319078          00000000000000                                                                  000058
1020874591800017100000090345100240370REGTIT26211903065540     000000000000598906060000000000000000000000000906260319190306554000000000000059890606290319000000001748003304453  000000000000000000000000000000000000000000000000000000000000000000000000000000000000001748000000000000000000000000000   270319078          00000000000000                                                                  000059
1020874591800017100000090345100240370REGTIT26211903065704     000000000000598910250000000000000000000000000906260319190306570400000000000059891025290319000000001668034107367  000000000000000000000000000000000000000000000000000000000000000000000000000000000000001668000000000000000000000000000   270319078          00000000000000                                                                  000060
1020874591800017100000090345100240370REGTIT26211903065806     000000000000598914400000000000000000000000000906260319190306580600000000000059891440290319000000001549000105712  000000000000000000000000000000000000000000000000000000000000000000000000000000000000001549000000000000000000000000000   270319078          00000000000000                                                                  000061
1020874591800017100000090345100240370REGTIT26211903065828     000000000000598915210000000000000000000000000906260319190306582800000000000059891521290319000000001598010402974  000000000000000000000000000000000000000000000000000000000000000000000000000000000000001598000000000000000000000000000   270319078          00000000000000                                                                  000062
1020874591800017100000090345100240370REGTIT26211903065978     0000000000005989198P000000000000000000000000090626031919030659780000000000005989198P290319000000001802003301236  000000000000000000000000000000000000000000000000000000000000000000000000000000000000001802000000000000000000000000000   270319078          00000000000000                                                                  000063
1020874591800017100000090345100240370REGTIT26211903066039     000000000000598921610000000000000000000000000906260319190306603900000000000059892161290319000000001748010403581  000000000000000000000000000000000000000000000000000000000000000000000000000000000000001748000000000000000000000000000   270319078          00000000000000                                                                  000064
1020874591800017100000090345100240370REGTIT26211903066255     0000000000005989301P000000000000000000000000090626031919030662550000000000005989301P290319000000000999013301561  000000000000000000000000000000000000000000000000000000000000000000000000000000000000000999000000000000000000000000000   270319078          00000000000000                                                                  000065
1020874591800017100000090345100240370REGTIT26211903066402     000000000000598935670000000000000000000000000906260319190306640200000000000059893567290319000000001758010403342  000000000000000000000000000000000000000000000000000000000000000000000000000000000000001758000000000000000000000000000   270319078          00000000000000                                                                  000066
1020874591800017100000090345100240370REGTIT26211903066609     000000000000598944740000000000000000000000000906260319190306660900000000000059894474290319000000001698010403691  000000000000000000000000000000000000000000000000000000000000000000000000000000000000001698000000000000000000000000000   270319078          00000000000000                                                                  000067
1020874591800017100000090345100240370REGTIT26211903066618     000000000000598944900000000000000000000000000906260319190306661800000000000059894490290319000000001698010403379  000000000000000000000000000000000000000000000000000000000000000000000000000000000000001698000000000000000000000000000   270319078          00000000000000                                                                  000068
1020874591800017100000090345100240370REGTIT26211903066633     000000000000598946010000000000000000000000000906260319190306663300000000000059894601290319000000001249003301649  000000000000000000000000000000000000000000000000000000000000000000000000000000000000001249000000000000000000000000000   270319078          00000000000000                                                                  000069
1020874591800017100000090345100240370REGTIT26211903066683     000000000000598947680000000000000000000000000906260319190306668300000000000059894768290319000000001548034106243  000000000000000000000000000000000000000000000000000000000000000000000000000000000000001548000000000000000000000000000   270319078          00000000000000                                                                  000070
1020874591800017100000090345100240370REGTIT26211903066888     000000000000598954970000000000000000000000000906260319190306688800000000000059895497290319000000001525634100548  000000000000000000000000000000000000000000000000000000000000000000000000000000000000001525600000000000000000000000000   270319078          00000000000000                                                                  000071
1020874591800017100000090345100240370REGTIT26211903066985     000000000000598959260000000000000000000000000906260319190306698500000000000059895926290319000000001548034101514  000000000000000000000000000000000000000000000000000000000000000000000000000000000000001548000000000000000000000000000   270319078          00000000000000                                                                  000072
1020874591800017100000090345100240370REGTIT26211903067160     000000000000598967010000000000000000000000000906260319190306716000000000000059896701290319000000001337634103707  000000000000000000000000000000000000000000000000000000000000000000000000000000000000001337600000000000000000000000000   270319078          00000000000000                                                                  000073
1020874591800017100000090345100240370REGTIT26211903067291     000000000000598972950000000000000000000000000906260319190306729100000000000059897295290319000000001598075601935  000000000000000000000000000000000000000000000000000000000000000000000000000000000000001598000000000000000000000000000   270319078          00000000000000                                                                  000074
1020874591800017100000090345100240370REGTIT26211903067304     000000000000598973760000000000000000000000000906260319190306730400000000000059897376290319000000001099010403460  000000000000000000000000000000000000000000000000000000000000000000000000000000000000001099000000000000000000000000000   270319078          00000000000000                                                                  000075
1020874591800017100000090345100240370REGTIT26211903067360     000000000000598975460000000000000000000000000906260319190306736000000000000059897546290319000000001598010401351  000000000000000000000000000000000000000000000000000000000000000000000000000000000000001598000000000000000000000000000   270319078          00000000000000                                                                  000076
1020874591800017100000090345100240370REGTIT26211903067524     000000000000598982670000000000000000000000000906260319190306752400000000000059898267290319000000001399010403414  000000000000000000000000000000000000000000000000000000000000000000000000000000000000001399000000000000000000000000000   270319078          00000000000000                                                                  000077
1020874591800017100000090345100240370REGTIT26211903067624     000000000000598986740000000000000000000000000906260319190306762400000000000059898674290319000000001499034100879  000000000000000000000000000000000000000000000000000000000000000000000000000000000000001499000000000000000000000000000   270319078          00000000000000                                                                  000078
1020874591800017100000090345100240370REGTIT26211903067679     000000000000598988600000000000000000000000000906260319190306767900000000000059898860290319000000001499010401001  000000000000000000000000000000000000000000000000000000000000000000000000000000000000001499000000000000000000000000000   270319078          00000000000000                                                                  000079
1020874591800017100000090345100240370REGTIT26211903067802     000000000000598992710000000000000000000000000906260319190306780200000000000059899271290319000000000900010403397  000000000000000000000000000000000000000000000000000000000000000000000000000000000000000900000000000000000000000000000   270319078          00000000000000                                                                  000080
1020874591800017100000090345100240370REGTIT26211903068421     000000000000599011010000000000000000000000000906260319190306842100000000000059901101290319000000003774403300808  000000000000000000000000000000000000000000000000000000000000000000000000000000000000003774400000000000000000000000000   270319078          00000000000000                                                                  000081
1020874591800017100000090345100240370REGTIT26211903068530     000000000000599013730000000000000000000000000906260319190306853000000000000059901373290319000000000890010401525  000000000000000000000000000000000000000000000000000000000000000000000000000000000000000890000000000000000000000000000   270319078          00000000000000                                                                  000082
1020874591800017100000090345100240370REGTIT26211903068676     000000000000599018610000000000000000000000000906260319190306867600000000000059901861290319000000001448075602386  000000000000000000000000000000000000000000000000000000000000000000000000000000000000001448000000000000000000000000000   270319078          00000000000000                                                                  000083
1020874591800017100000090345100240370REGTIT26211903069162     000000000000599032600000000000000000000000000906260319190306916200000000000059903260290319000000001300034100879  000000000000000000000000000000000000000000000000000000000000000000000000000000000000001300000000000000000000000000000   270319078          00000000000000                                                                  000084
1020874591800017100000090345100240370REGTIT26211903069267     000000000000599035460000000000000000000000000906260319190306926700000000000059903546290319000000001248004100085  000000000000000000000000000000000000000000000000000000000000000000000000000000000000001248000000000000000000000000000   270319078          00000000000000                                                                  000085
1020874591800017100000090345100240370REGTIT26211903069413     000000000000599040110000000000000000000000000906260319190306941300000000000059904011290319000000001099004100834  000000000000000000000000000000000000000000000000000000000000000000000000000000000000001099000000000000000000000000000   270319078          00000000000000                                                                  000086
1020874591800017100000090345100240370REGTIT26211903069666     000000000000599048280000000000000000000000000906260319190306966600000000000059904828290319000000001348034105582  000000000000000000000000000000000000000000000000000000000000000000000000000000000000001348000000000000000000000000000   270319078          00000000000000                                                                  000087
1020874591800017100000090345100240370REGTIT26211903069767     000000000000599052200000000000000000000000000906260319190306976700000000000059905220290319000000001099023701971  000000000000000000000000000000000000000000000000000000000000000000000000000000000000001099000000000000000000000000000   270319074          00000000000000                                                                  000088
1020874591800017100000090345100240370REGTIT26211903070093     000000000000599063320000000000000000000000000906260319190307009300000000000059906332290319000000001149000101869  000000000000000000000000000000000000000000000000000000000000000000000000000000000000001149000000000000000000000000000   270319078          00000000000000                                                                  000089
1020874591800017100000090345100240370REGTIT26211903070778     000000000000599089710000000000000000000000000906260319190307077800000000000059908971290319000000001048610400376  000000000000000000000000000000000000000000000000000000000000000000000000000000000000001048600000000000000000000000000   270319078          00000000000000                                                                  000090
1020874591800017100000090345100240370REGTIT26211903070792     000000000000599090560000000000000000000000000906260319190307079200000000000059909056290319000000001348034103703  000000000000000000000000000000000000000000000000000000000000000000000000000000000000001348000000000000000000000000000   270319078          00000000000000                                                                  000091
1020874591800017100000090345100240370REGTIT26211903070870     000000000000599094200000000000000000000000000906260319190307087000000000000059909420290319000000000899023702069  000000000000000000000000000000000000000000000000000000000000000000000000000000000000000899000000000000000000000000000   270319035          00000000000000                                                                  000092
1020874591800017100000090345100240370REGTIT26211903070892     000000000000599095010000000000000000000000000906260319190307089200000000000059909501290319000000000999010401479  000000000000000000000000000000000000000000000000000000000000000000000000000000000000000999000000000000000000000000000   270319078          00000000000000                                                                  000093
1020874591800017100000090345100240370REGTIT26211903070905     000000000000599095600000000000000000000000000906260319190307090500000000000059909560290319000000000999034100273  000000000000000000000000000000000000000000000000000000000000000000000000000000000000000999000000000000000000000000000   270319078          00000000000000                                                                  000094
1020874591800017100000090345100240370REGTIT26211903071025     000000000000599101430000000000000000000000000906260319190307102500000000000059910143290319000000001138203301236  000000000000000000000000000000000000000000000000000000000000000000000000000000000000001138200000000000000000000000000   270319078          00000000000000                                                                  000095
1020874591800017100000090345100240370REGTIT26211903071059     000000000000599103210000000000000000000000000906260319190307105900000000000059910321290319000000001243134105650  000000000000000000000000000000000000000000000000000000000000000000000000000000000000001243100000000000000000000000000   270319078          00000000000000                                                                  000096
1020874591800017100000090345100240370REGTIT26211903071133     000000000000599106660000000000000000000000000906260319190307113300000000000059910666290319000000000998075604368  000000000000000000000000000000000000000000000000000000000000000000000000000000000000000998000000000000000000000000000   270319078          00000000000000                                                                  000097
1020874591800017100000090345100240370REGTIT26211903071142     000000000000599107040000000000000000000000000906260319190307114200000000000059910704290319000000000998010402122  000000000000000000000000000000000000000000000000000000000000000000000000000000000000000998000000000000000000000000000   270319078          00000000000000                                                                  000098
1020874591800017100000090345100240370REGTIT26211903071241     000000000000599112040000000000000000000000000906260319190307124100000000000059911204290319000000000908010403510  000000000000000000000000000000000000000000000000000000000000000000000000000000000000000908000000000000000000000000000   270319078          00000000000000                                                                  000099
1020874591800017100000090345100240370REGTIT26211903071267     000000000000599113870000000000000000000000000906260319190307126700000000000059911387290319000000000998010401630  000000000000000000000000000000000000000000000000000000000000000000000000000000000000000998000000000000000000000000000   270319078          00000000000000                                                                  000100
1020874591800017100000090345100240370REGTIT26211903071340     000000000000599118830000000000000000000000000906260319190307134000000000000059911883290319000000000998023700426  000000000000000000000000000000000000000000000000000000000000000000000000000000000000000998000000000000000000000000000   270319035          00000000000000                                                                  000101
1020874591800017100000090345100240370REGTIT26211903071347     000000000000599119210000000000000000000000000906260319190307134700000000000059911921290319000000000998003300810  000000000000000000000000000000000000000000000000000000000000000000000000000000000000000998000000000000000000000000000   270319078          00000000000000                                                                  000102
1020874591800017100000090345100240370REGTIT26211903071376     000000000000599121030000000000000000000000000906260319190307137600000000000059912103290319000000000998034103812  000000000000000000000000000000000000000000000000000000000000000000000000000000000000000998000000000000000000000000000   270319078          00000000000000                                                                  000103
1020874591800017100000090345100240370REGTIT26211903071588     000000000000599133120000000000000000000000000906260319190307158800000000000059913312290319000000000998000100695  000000000000000000000000000000000000000000000000000000000000000000000000000000000000000998000000000000000000000000000   270319078          00000000000000                                                                  000104
1020874591800017100000090345100240370REGTIT26211903071595     000000000000599133470000000000000000000000000906260319190307159500000000000059913347290319000000000799034104079  000000000000000000000000000000000000000000000000000000000000000000000000000000000000000799000000000000000000000000000   270319078          00000000000000                                                                  000105
1020874591800017100000090345100240370REGTIT26211903071605     000000000000599133980000000000000000000000000906260319190307160500000000000059913398290319000000000998034106663  000000000000000000000000000000000000000000000000000000000000000000000000000000000000000998000000000000000000000000000   270319078          00000000000000                                                                  000106
1020874591800017100000090345100240370REGTIT26211903071641     000000000000599136060000000000000000000000000906260319190307164100000000000059913606290319000000000998010400436  000000000000000000000000000000000000000000000000000000000000000000000000000000000000000998000000000000000000000000000   270319078          00000000000000                                                                  000107
1020874591800017100000090345100240370REGTIT26211903071828     000000000000599148230000000000000000000000000906260319190307182800000000000059914823290319000000000799034104079  000000000000000000000000000000000000000000000000000000000000000000000000000000000000000799000000000000000000000000000   270319078          00000000000000                                                                  000108
1020874591800017100000090345100240370REGTIT26211903071999     000000000000599160790000000000000000000000000906260319190307199900000000000059916079290319000000000998034103715  000000000000000000000000000000000000000000000000000000000000000000000000000000000000000998000000000000000000000000000   270319078          00000000000000                                                                  000109
1020874591800017100000090345100240370REGTIT26211903072026     000000000000599162730000000000000000000000000906260319190307202600000000000059916273290319000000000998074807137  000000000000000000000000000000000000000000000000000000000000000000000000000000000000000998000000000000000000000000000   270319078          00000000000000                                                                  000110
1020874591800017100000090345100240370REGTIT26211903072202     000000000000599173770000000000000000000000000906260319190307220200000000000059917377290319000000000600003302271  000000000000000000000000000000000000000000000000000000000000000000000000000000000000000600000000000000000000000000000   270319078          00000000000000                                                                  000111
1020874591800017100000090345100240370REGTIT26211903072203     000000000000599173850000000000000000000000000906260319190307220300000000000059917385290319000000000998034104020  000000000000000000000000000000000000000000000000000000000000000000000000000000000000000998000000000000000000000000000   270319078          00000000000000                                                                  000112
1020874591800017100000090345100240370REGTIT26211903072226     000000000000599175200000000000000000000000000906260319190307222600000000000059917520290319000000000998003301552  000000000000000000000000000000000000000000000000000000000000000000000000000000000000000998000000000000000000000000000   270319078          00000000000000                                                                  000113
1020874591800017100000090345100240370REGTIT26211903072348     000000000000599184380000000000000000000000000906260319190307234800000000000059918438290319000000000998010403397  000000000000000000000000000000000000000000000000000000000000000000000000000000000000000998000000000000000000000000000   270319078          00000000000000                                                                  000114
1020874591800017100000090345100240370REGTIT26211903072418     000000000000599189180000000000000000000000000906260319190307241800000000000059918918290319000000001135934103715  000000000000000000000000000000000000000000000000000000000000000000000000000000000000001135900000000000000000000000000   270319078          00000000000000                                                                  000115
1020874591800017100000090345100240370REGTIT26211903072446     000000000000599190780000000000000000000000000906260319190307244600000000000059919078290319000000000887010400372  000000000000000000000000000000000000000000000000000000000000000000000000000000000000000887000000000000000000000000000   270319078          00000000000000                                                                  000116
1020874591800017100000090345100240370REGTIT26211903072542     000000000000599197520000000000000000000000000906260319190307254200000000000059919752290319000000001198034108425  000000000000000000000000000000000000000000000000000000000000000000000000000000000000001198000000000000000000000000000   270319078          00000000000000                                                                  000117
1020874591800017100000090345100240370REGTIT26211903072543     000000000000599197600000000000000000000000000906260319190307254300000000000059919760290319000000000998010404660  000000000000000000000000000000000000000000000000000000000000000000000000000000000000000998000000000000000000000000000   270319078          00000000000000                                                                  000118
1020874591800017100000090345100240370REGTIT26211903072563     000000000000599199300000000000000000000000000906260319190307256300000000000059919930290319000000000799075604429  000000000000000000000000000000000000000000000000000000000000000000000000000000000000000799000000000000000000000000000   270319078          00000000000000                                                                  000119
1020874591800017100000090345100240370REGTIT26211903072599     000000000000599201810000000000000000000000000906260319190307259900000000000059920181290319000000000998010403847  000000000000000000000000000000000000000000000000000000000000000000000000000000000000000998000000000000000000000000000   270319078          00000000000000                                                                  000120
1020874591800017100000090345100240370REGTIT26211903072862     000000000000599222490000000000000000000000000906260319190307286200000000000059922249290319000000001010510402863  000000000000000000000000000000000000000000000000000000000000000000000000000000000000001010500000000000000000000000000   270319078          00000000000000                                                                  000121
1020874591800017100000090345100240370REGTIT26211903073067     0000000000005992408P000000000000000000000000090626031919030730670000000000005992408P290319000000001248010401000  000000000000000000000000000000000000000000000000000000000000000000000000000000000000001248000000000000000000000000000   270319078          00000000000000                                                                  000122
1020874591800017100000090345100240370REGTIT26211903073132     000000000000599246400000000000000000000000000906260319190307313200000000000059924640290319000000000599034102929  000000000000000000000000000000000000000000000000000000000000000000000000000000000000000599000000000000000000000000000   270319078          00000000000000                                                                  000123
1020874591800017100000090345100240370REGTIT26211903073169     000000000000599249690000000000000000000000000906260319190307316900000000000059924969290319000000000998034103835  000000000000000000000000000000000000000000000000000000000000000000000000000000000000000998000000000000000000000000000   270319078          00000000000000                                                                  000124
1020874591800017100000090345100240370REGTIT26211903073194     000000000000599252050000000000000000000000000906260319190307319400000000000059925205290319000000000998010401549  000000000000000000000000000000000000000000000000000000000000000000000000000000000000000998000000000000000000000000000   270319078          00000000000000                                                                  000125
1020874591800017100000090345100240370REGTIT26211903073231     000000000000599255580000000000000000000000000906260319190307323100000000000059925558290319000000001067000101443  000000000000000000000000000000000000000000000000000000000000000000000000000000000000001067000000000000000000000000000   270319078          00000000000000                                                                  000126
1020874591800017100000090345100240370REGTIT26211903073302     000000000000599262280000000000000000000000000906260319190307330200000000000059926228290319000000000998023700332  000000000000000000000000000000000000000000000000000000000000000000000000000000000000000998000000000000000000000000000   270319035          00000000000000                                                                  000127
1020874591800017100000090345100240370REGTIT26211903073338     000000000000599265380000000000000000000000000906260319190307333800000000000059926538290319000000000799003304403  000000000000000000000000000000000000000000000000000000000000000000000000000000000000000799000000000000000000000000000   270319078          00000000000000                                                                  000128
1020874591800017100000090345100240370REGTIT237699218033775    000000009000597695300000000000000000000000000906260319992180337700000000900059769530250319000000001431934102947  000000000000000000000000000000000000000000000000000000000000000000000000000000000000001462600000000003070000000000000   270319078          00000000000000                                                                  000129
1020874591800017100000090345100240370REGTIT2541997127187      000000009000598597850000000000000000000000000906260319099712718700000000900059859785260319000000002931010403493  000000000000000000000000000000000000000000000000000000000000000000000000000000000000002931000000000000000000000000000   270319078          00000000000000                                                                  000130
1020874591800017100000090345100240370REGTIT263799836912804    000000009000599382860000000000000000000000000906260319998369128000000000900059938286250319000000001850634106896  000000000000000000000000000000000000000000000000000000000000000000000000000000000000001890400000000003980000000000000   270319078          00000000000000                                                                  000131
1020874591800017100000090345100240370REGTIT264999728152528    000000009000599508470000000000000000000000000906260319997281525200000000900059950847260319000000004282610402937  000000000000000000000000000000000000000000000000000000000000000000000000000000000000004282600000000000000000000000000   270319078          00000000000000                                                                  000132
1020874591800017100000090345100240370REGTIT24411902062749     0000000000005980016P000000000000000000000000090926031919020627490000000000005980016P280219000000001748023704150  000000000000000000000000000000000000000000000000000000000000000000000000000000000000000000000000000000000000000000000                          0000000000                                                                  000133
1020874591800017100000090345100240370REGTIT14711809009990     000000000000593203540000000000000000000000000910260319180900999000000000000059320354251118000000000998023700000  000000000000000000000000000000000000000000000000000000000000000000000000000000000000000000000000000000000000000000000                          1600000000                                                                  000134
1020874591800017100000090345100240370REGTIT16601810052861     000000000000594188770000000000000000000000000912260319181005286100000000000059418877011218000000001649023704150  000000000000000000000000000000000000000000000000000000000000012700000000000000000000000000000000000000000000000000000                          0000000000                                                                  000135
1020874591800017100000090345100240370REGTIT18811811038756     000000000000595190610000000000000000000000000912260319181103875600000000000059519061071218000000003271523704150  000000000000000000000000000000000000000000000000000000000000010000000000000000000000000000000000000000000000000000000                          0000000000                                                                  000136
1020874591800017100000090345100240370REGTIT18811811052861     000000000000595210740000000000000000000000000912260319181105286100000000000059521074301118000000001779023704150  000000000000000000000000000000000000000000000000000000000000005430000000000000000000000000000000000000000000000000000                          0000000000                                                                  000137
1020874591800017100000090345100240370REGTIT20751812038756     000000000000596108830000000000000000000000000912260319181203875600000000000059610883281218000000005045523704150  000000000000000000000000000000000000000000000000000000000000232850000000000000000000000000000000000000000000000000000                          0000000000                                                                  000138
1020874591800017100000090345100240370REGTIT20751812072148     000000000000596507880000000000000000000000000912260319181207214800000000000059650788281218000000001982023704150  000000000000000000000000000000000000000000000000000000000000079900000000000000000000000000000000000000000000000000000                          0000000000                                                                  000139
1020874591800017100000090345100240370REGTIT22981901038756     000000000000597068210000000000000000000000000912260319190103875600000000000059706821300119000000002652023704150  000000000000000000000000000000000000000000000000000000000000026780000000000000000000000000000000000000000000000000000                          0000000000                                                                  000140
1020874591800017100000090345100240370REGTIT22981901072148     000000000000597451500000000000000000000000000912260319190107214800000000000059745150300119000000001752023704150  000000000000000000000000000000000000000000000000000000000000017690000000000000000000000000000000000000000000000000000                          0000000000                                                                  000141
1020874591800017100000090345100240370REGTIT24411902072148     000000000000598321930000000000000000000000000912260319190207214800000000000059832193280219000000000998023704150  000000000000000000000000000000000000000000000000000000000000005740000000000000000000000000000000000000000000000000000                          0000000000                                                                  000142
1020874591800017100000090345100240370REGTIT26211903068347     000000000000599008490000000000000000000000000912260319190306834700000000000059900849290319000000001249023704150  000000000000000000000000000000000000000000000000000000000000028500000000000000000000000000000000000000000000000000000                          0000000000                                                                  000143
1020874591800017100000090345100240370REGTIT26211903073242     000000000000599256550000000000000000000000000912260319190307324200000000000059925655290319000000000998023704150  000000000000000000000000000000000000000000000000000000000000019900000000000000000000000000000000000000000000000000000                          0000000000                                                                  000144
1020874591800017100000090345100240370REGTIT26541902062749     0000000000005980016P000000000000000000000000092726031919020627490000000000005980016P280219000000001748023700000  000000000000000000000000000000000000000000000000000000000000000000000000000000000000000000000000000000000000000000000                          6000000000                                                                  000145
1020874591800017100000090345100240370REGTIT26571810068637     000000000000594398660000000000000000000000000932260319181006863700000000000059439866000000000000001303023700000  000000000000000000000000000000000000000000000000000000000000000000000000000000000000000000000000000000000000000000000                          6000000000                                                                  000146
9201237          000062950000009069656400000573          00001000000085508000002044997001280000020136210000200000002746000000000000000000000000000000000000001000000021376000000000000000000                                                                                                                                                                              00000000000000000000000         000147
