02RETORNO01COBRANCA       00000000000004972103WC SISTEMAS E EQUIPAMENTOS DE 237BRADESCO       1203190160000000563                                                                                                                                                                                                                                                                          130319         000001
1020874591800017100000090345100240370REGTIT2614997198694484   000000009000598765660000000000000000000000000902120319997198694400000000900059876566180319000000002397023704144  000000000014300000000000000000000000000000000000000000000000000000000000000000000000000000000000000000000000000000000                          0000000000                                                                  000002
1020874591800017100000090345100240370REGTIT2616996734716621   000000009000598771200000000000000000000000000902120319996734716600000000900059877120150319000000003660023704144  000000000014300000000000000000000000000000000000000000000000000000000000000000000000000000000000000000000000000000000                          0000000000                                                                  000003
1020874591800017100000090345100240370REGTIT2617997220962750   0000000090005987718P000000000000000000000000090212031999722096270000000090005987718P220319000000002397023704144  000000000014300000000000000000000000000000000000000000000000000000000000000000000000000000000000000000000000000000000                          0000000000                                                                  000004
1020874591800017100000090345100240370REGTIT2617997311963106   000000009000598771980000000000000000000000000902120319997311963100000000900059877198220319000000002397023704157  000000000014300000000000000000000000000000000000000000000000000000000000000000000000000000000000000000000000000000000                          0000000000                                                                  000005
1020874591800017100000090345100240370REGTIT2617996940391620   000000009000598772280000000000000000000000000902120319996940391600000000900059877228140319000000002246023704144  000000000014300000000000000000000000000000000000000000000000000000000000000000000000000000000000000000000000000000000                          0000000000                                                                  000006
1020874591800017100000090345100240370REGTIT2617996940363440   000000009000598772360000000000000000000000000902120319996940363400000000900059877236140419000000002246023704144  000000000014300000000000000000000000000000000000000000000000000000000000000000000000000000000000000000000000000000000                          0000000000                                                                  000007
1020874591800017100000090345100240370REGTIT2617997230686966   000000009000598772440000000000000000000000000902120319997230686900000000900059877244220319000000001210323703451  000000000014300000000000000000000000000000000000000000000000000000000000000000000000000000000000000000000000000000000                          0000000000                                                                  000008
1020874591800017100000090345100240370REGTIT2617997230639537   000000009000598772520000000000000000000000000902120319997230639500000000900059877252220419000000001210323703451  000000000014300000000000000000000000000000000000000000000000000000000000000000000000000000000000000000000000000000000                          0000000000                                                                  000009
1020874591800017100000090345100240370REGTIT2617997230615627   000000009000598772600000000000000000000000000902120319997230615600000000900059877260220519000000001210323703451  000000000014300000000000000000000000000000000000000000000000000000000000000000000000000000000000000000000000000000000                          0000000000                                                                  000010
1020874591800017100000090345100240370REGTIT2617997055191147   000000009000598772790000000000000000000000000902120319997055191100000000900059877279130319000000002022023704144  000000000014300000000000000000000000000000000000000000000000000000000000000000000000000000000000000000000000000000000                          0000000000                                                                  000011
1020874591800017100000090345100240370REGTIT2617997055142355   000000009000598772870000000000000000000000000902120319997055142300000000900059877287130419000000002022023704144  000000000014300000000000000000000000000000000000000000000000000000000000000000000000000000000000000000000000000000000                          0000000000                                                                  000012
1020874591800017100000090345100240370REGTIT2617996703298107   000000009000598772950000000000000000000000000902120319996703298100000000900059877295140319000000002540023704144  000000000014300000000000000000000000000000000000000000000000000000000000000000000000000000000000000000000000000000000                          0000000000                                                                  000013
1020874591800017100000090345100240370REGTIT2617996703254239   000000009000598773090000000000000000000000000902120319996703254200000000900059877309140419000000002540023704144  000000000014300000000000000000000000000000000000000000000000000000000000000000000000000000000000000000000000000000000                          0000000000                                                                  000014
1020874591800017100000090345100240370REGTIT20751812067660     000000000000596297030000000000000000000000000906120319181206766000000000000059629703281218000000002199010403387  000000000000000000000000000000000000000000000000000000000000000000000000000000000000002487100000000028810000000000000   130319078          00000000000000                                                                  000015
1020874591800017100000090345100240370REGTIT22981901070821     000000000000597363210000000000000000000000000906120319190107082100000000000059736321300119000000001098023705751  000000000000000000000000000000000000000000000000000000000000000000000000000000000000001185500000000008750000000000000   130319066          00000000000000                                                                  000016
1020874591800017100000090345100240370REGTIT22981901071097     000000000000597378240000000000000000000000000906120319190107109700000000000059737824300119000000000699010401266  000000000000000000000000000000000000000000000000000000000000000000000000000000000000000753900000000005490000000000000   130319078          00000000000000                                                                  000017
1020874591800017100000090345100240370REGTIT22981901072365     000000000000597468580000000000000000000000000906120319190107236500000000000059746858300119000000000998034103709  000000000000000000000000000000000000000000000000000000000000000000000000000000000000001079400000000008140000000000000   130319078          00000000000000                                                                  000018
1020874591800017100000090345100240370REGTIT24411902006670     000000000000597921910000000000000000000000000906120319190200667000000000000059792191280219000000002037034107407  000000000000000000000000000000000000000000000000000000000000000000000000000000000000002114900000000007790000000000000   130319078          00000000000000                                                                  000019
1020874591800017100000090345100240370REGTIT24411902008176     000000000000597923880000000000000000000000000906120319190200817600000000000059792388280219000000000569000104402  000000000000000000000000000000000000000000000000000000000000000000000000000000000000000591100000000002210000000000000   130319078          00000000000000                                                                  000020
1020874591800017100000090345100240370REGTIT24411902017776     000000000000597932950000000000000000000000000906120319190201777600000000000059793295280219000000001978400103270  000000000000000000000000000000000000000000000000000000000000000000000000000000000000002053900000000007550000000000000   130319078          00000000000000                                                                  000021
1020874591800017100000090345100240370REGTIT24411902034288     000000000000597947390000000000000000000000000906120319190203428800000000000059794739280219000000001593723702810  000000000000000000000000000000000000000000000000000000000000000000000000000000000000001654300000000006060000000000000   130319035          00000000000000                                                                  000022
1020874591800017100000090345100240370REGTIT24411902050591     000000000000597966770000000000000000000000000906120319190205059100000000000059796677280219000000001431000103663  000000000000000000000000000000000000000000000000000000000000000000000000000000000000001484800000000005380000000000000   130319078          00000000000000                                                                  000023
1020874591800017100000090345100240370REGTIT24411902054374     000000000000597973040000000000000000000000000906120319190205437400000000000059797304280219000000000998000101729  000000000000000000000000000000000000000000000000000000000000000000000000000000000000001035900000000003790000000000000   130319078          00000000000000                                                                  000024
1020874591800017100000090345100240370REGTIT24411902054635     000000000000597973710000000000000000000000000906120319190205463500000000000059797371280219000000001698010403397  000000000000000000000000000000000000000000000000000000000000000000000000000000000000001761900000000006390000000000000   130319078          00000000000000                                                                  000025
1020874591800017100000090345100240370REGTIT24411902055161     000000000000597974440000000000000000000000000906120319190205516100000000000059797444280219000000002051010402975  000000000000000000000000000000000000000000000000000000000000000000000000000000000000002129200000000007820000000000000   130319078          00000000000000                                                                  000026
1020874591800017100000090345100240370REGTIT24411902058118     000000000000597980760000000000000000000000000906120319190205811800000000000059798076280219000000001292523702248  000000000000000000000000000000000000000000000000000000000000000000000000000000000000001341100000000004860000000000000   130319002          00000000000000                                                                  000027
1020874591800017100000090345100240370REGTIT24411902060569     000000000000597989470000000000000000000000000906120319190206056900000000000059798947280219000000002172842200172  000000000000000000000000000000000000000000000000000000000000000000000000000000000000002255800000000008300000000000000   130319078          00000000000000                                                                  000028
1020874591800017100000090345100240370REGTIT24411902062917     0000000000005980033P000000000000000000000000090612031919020629170000000000005980033P280219000000001578010400804  000000000000000000000000000000000000000000000000000000000000000000000000000000000000001638300000000006030000000000000   130319078          00000000000000                                                                  000029
1020874591800017100000090345100240370REGTIT24411902063537     000000000000598009680000000000000000000000000906120319190206353700000000000059800968280219000000001348010400376  000000000000000000000000000000000000000000000000000000000000000000000000000000000000001398900000000005090000000000000   130319078          00000000000000                                                                  000030
1020874591800017100000090345100240370REGTIT24411902063747     000000000000598011900000000000000000000000000906120319190206374700000000000059801190280219000000001599023700089  000000000000000000000000000000000000000000000000000000000000000000000000000000000000001659700000000006070000000000000   130319082          00000000000000                                                                  000031
1020874591800017100000090345100240370REGTIT24411902064138     0000000000005980176P000000000000000000000000090612031919020641380000000000005980176P280219000000001629010402864  000000000000000000000000000000000000000000000000000000000000000000000000000000000000001690300000000006130000000000000   130319078          00000000000000                                                                  000032
1020874591800017100000090345100240370REGTIT24411902064403     000000000000598020810000000000000000000000000906120319190206440300000000000059802081280219000000001097810401001  000000000000000000000000000000000000000000000000000000000000000000000000000000000000001138900000000004110000000000000   130319078          00000000000000                                                                  000033
1020874591800017100000090345100240370REGTIT24411902064754     000000000000598026770000000000000000000000000906120319190206475400000000000059802677280219000000001208123701881  000000000000000000000000000000000000000000000000000000000000000000000000000000000000001253800000000004570000000000000   130319082          00000000000000                                                                  000034
1020874591800017100000090345100240370REGTIT24411902064942     000000000000598029790000000000000000000000000906120319190206494200000000000059802979280219000000001458310402864  000000000000000000000000000000000000000000000000000000000000000000000000000000000000001513800000000005550000000000000   130319078          00000000000000                                                                  000035
1020874591800017100000090345100240370REGTIT24411902065129     000000000000598034360000000000000000000000000906120319190206512900000000000059803436280219000000002033034105520  000000000000000000000000000000000000000000000000000000000000000000000000000000000000002109600000000007660000000000000   130319078          00000000000000                                                                  000036
1020874591800017100000090345100240370REGTIT24411902065344     000000000000598040680000000000000000000000000906120319190206534400000000000059804068280219000000001748010400405  000000000000000000000000000000000000000000000000000000000000000000000000000000000000001814100000000006610000000000000   130319078          00000000000000                                                                  000037
1020874591800017100000090345100240370REGTIT24411902065564     0000000000005980470P000000000000000000000000090612031919020655640000000000005980470P280219000000001348000105921  000000000000000000000000000000000000000000000000000000000000000000000000000000000000001398900000000005090000000000000   130319078          00000000000000                                                                  000038
1020874591800017100000090345100240370REGTIT24411902065723     000000000000598051880000000000000000000000000906120319190206572300000000000059805188280219000000001748023706455  000000000000000000000000000000000000000000000000000000000000000000000000000000000000001814100000000006610000000000000   130319002          00000000000000                                                                  000039
1020874591800017100000090345100240370REGTIT24411902065728     000000000000598052340000000000000000000000000906120319190206572800000000000059805234280219000000001648034102947  000000000000000000000000000000000000000000000000000000000000000000000000000000000000001710900000000006290000000000000   130319078          00000000000000                                                                  000040
1020874591800017100000090345100240370REGTIT24411902065848     000000000000598056410000000000000000000000000906120319190206584800000000000059805641280219000000001349034100296  000000000000000000000000000000000000000000000000000000000000000000000000000000000000001399900000000005090000000000000   130319078          00000000000000                                                                  000041
1020874591800017100000090345100240370REGTIT24411902065909     000000000000598058620000000000000000000000000906120319190206590900000000000059805862280219000000001449010402553  000000000000000000000000000000000000000000000000000000000000000000000000000000000000001504300000000005530000000000000   130319078          00000000000000                                                                  000042
1020874591800017100000090345100240370REGTIT24411902065999     000000000000598061410000000000000000000000000906120319190206599900000000000059806141280219000000001439003303837  000000000000000000000000000000000000000000000000000000000000000000000000000000000000001494100000000005510000000000000   130319078          00000000000000                                                                  000043
1020874591800017100000090345100240370REGTIT24411902066185     000000000000598068690000000000000000000000000906120319190206618500000000000059806869280219000000001250003301649  000000000000000000000000000000000000000000000000000000000000000000000000000000000000001297800000000004780000000000000   130319078          00000000000000                                                                  000044
1020874591800017100000090345100240370REGTIT24411902066420     000000000000598077250000000000000000000000000906120319190206642000000000000059807725280219000000000958010403342  000000000000000000000000000000000000000000000000000000000000000000000000000000000000000993900000000003590000000000000   130319078          00000000000000                                                                  000045
1020874591800017100000090345100240370REGTIT24411902066577     000000000000598084700000000000000000000000000906120319190206657700000000000059808470280219000000001698023703054  000000000000000000000000000000000000000000000000000000000000000000000000000000000000001761900000000006390000000000000   130319074          00000000000000                                                                  000046
1020874591800017100000090345100240370REGTIT24411902066626     000000000000598086750000000000000000000000000906120319190206662600000000000059808675280219000000001698034103722  000000000000000000000000000000000000000000000000000000000000000000000000000000000000001761900000000006390000000000000   130319078          00000000000000                                                                  000047
1020874591800017100000090345100240370REGTIT24411902066670     000000000000598088450000000000000000000000000906120319190206667000000000000059808845280219000000001698010400377  000000000000000000000000000000000000000000000000000000000000000000000000000000000000001761900000000006390000000000000   130319078          00000000000000                                                                  000048
1020874591800017100000090345100240370REGTIT24411902066821     000000000000598094500000000000000000000000000906120319190206682100000000000059809450280219000000001698010402975  000000000000000000000000000000000000000000000000000000000000000000000000000000000000001761900000000006390000000000000   130319078          00000000000000                                                                  000049
1020874591800017100000090345100240370REGTIT24411902066974     000000000000598101140000000000000000000000000906120319190206697400000000000059810114280219000000001348023702037  000000000000000000000000000000000000000000000000000000000000000000000000000000000000001398900000000005090000000000000   130319074          00000000000000                                                                  000050
1020874591800017100000090345100240370REGTIT24411902067020     000000000000598103350000000000000000000000000906120319190206702000000000000059810335280219000000001698010403379  000000000000000000000000000000000000000000000000000000000000000000000000000000000000001761900000000006390000000000000   130319078          00000000000000                                                                  000051
1020874591800017100000090345100240370REGTIT24411902067194     000000000000598110640000000000000000000000000906120319190206719400000000000059811064280219000000001448000100982  000000000000000000000000000000000000000000000000000000000000000000000000000000000000001503300000000005530000000000000   130319078          00000000000000                                                                  000052
1020874591800017100000090345100240370REGTIT24411902067337     000000000000598117220000000000000000000000000906120319190206733700000000000059811722280219000000001666910401075  000000000000000000000000000000000000000000000000000000000000000000000000000000000000001730200000000006330000000000000   130319078          00000000000000                                                                  000053
1020874591800017100000090345100240370REGTIT24411902067349     0000000000005981179P000000000000000000000000090612031919020673490000000000005981179P280219000000001598010400375  000000000000000000000000000000000000000000000000000000000000000000000000000000000000001658700000000006070000000000000   130319078          00000000000000                                                                  000054
1020874591800017100000090345100240370REGTIT24411902067354     000000000000598118110000000000000000000000000906120319190206735400000000000059811811280219000000000899003301258  000000000000000000000000000000000000000000000000000000000000000000000000000000000000000932500000000003350000000000000   130319078          00000000000000                                                                  000055
1020874591800017100000090345100240370REGTIT24411902067479     0000000000005981232P000000000000000000000000090612031919020674790000000000005981232P280219000000001349010400406  000000000000000000000000000000000000000000000000000000000000000000000000000000000000001399900000000005090000000000000   130319078          00000000000000                                                                  000056
1020874591800017100000090345100240370REGTIT24411902067578     0000000000005981277P000000000000000000000000090612031919020675780000000000005981277P280219000000000949010403397  000000000000000000000000000000000000000000000000000000000000000000000000000000000000000984700000000003570000000000000   130319078          00000000000000                                                                  000057
1020874591800017100000090345100240370REGTIT24411902067585     000000000000598128180000000000000000000000000906120319190206758500000000000059812818280219000000002556023701197  000000000000000000000000000000000000000000000000000000000000000000000000000000000000002652700000000009670000000000000   130319035          00000000000000                                                                  000058
1020874591800017100000090345100240370REGTIT24411902067589     000000000000598128260000000000000000000000000906120319190206758900000000000059812826280219000000001845910400406  000000000000000000000000000000000000000000000000000000000000000000000000000000000000001916400000000007050000000000000   130319078          00000000000000                                                                  000059
1020874591800017100000090345100240370REGTIT24411902067639     000000000000598129820000000000000000000000000906120319190206763900000000000059812982280219000000001625000103848  000000000000000000000000000000000000000000000000000000000000000000000000000000000000001686300000000006130000000000000   130319078          00000000000000                                                                  000060
1020874591800017100000090345100240370REGTIT24411902067660     000000000000598130910000000000000000000000000906120319190206766000000000000059813091280219000000001249010403387  000000000000000000000000000000000000000000000000000000000000000000000000000000000000001296700000000004770000000000000   130319078          00000000000000                                                                  000061
1020874591800017100000090345100240370REGTIT24411902067665     000000000000598131050000000000000000000000000906120319190206766500000000000059813105280219000000001598023701219  000000000000000000000000000000000000000000000000000000000000000000000000000000000000001658700000000006070000000000000   130319074          00000000000000                                                                  000062
1020874591800017100000090345100240370REGTIT24411902067911     0000000000005981375P000000000000000000000000090612031919020679110000000000005981375P280219000000003434775604368  000000000000000000000000000000000000000000000000000000000000000000000000000000000000003565700000000013100000000000000   130319078          00000000000000                                                                  000063
1020874591800017100000090345100240370REGTIT24411902068027     0000000000005981408P000000000000000000000000090612031919020680270000000000005981408P280219000000001598000102537  000000000000000000000000000000000000000000000000000000000000000000000000000000000000001658700000000006070000000000000   130319078          00000000000000                                                                  000064
1020874591800017100000090345100240370REGTIT24411902068431     000000000000598154340000000000000000000000000906120319190206843100000000000059815434280219000000001448010404395  000000000000000000000000000000000000000000000000000000000000000000000000000000000000001503300000000005530000000000000   130319078          00000000000000                                                                  000065
1020874591800017100000090345100240370REGTIT24411902068437     000000000000598154420000000000000000000000000906120319190206843700000000000059815442280219000000001140023706378  000000000000000000000000000000000000000000000000000000000000000000000000000000000000001183200000000004320000000000000   130319035          00000000000000                                                                  000066
1020874591800017100000090345100240370REGTIT24411902068744     000000000000598163840000000000000000000000000906120319190206874400000000000059816384280219000000002415503301649  000000000000000000000000000000000000000000000000000000000000000000000000000000000000002507000000000009150000000000000   130319078          00000000000000                                                                  000067
1020874591800017100000090345100240370REGTIT24411902069064     000000000000598173130000000000000000000000000906120319190206906400000000000059817313280219000000001448065500001  000000000000000000000000000000000000000000000000000000000000000000000000000000000000001503300000000005530000000000000   130319078          00000000000000                                                                  000068
1020874591800017100000090345100240370REGTIT24411902069755     0000000000005981957P000000000000000000000000090612031919020697550000000000005981957P280219000000001348010401398  000000000000000000000000000000000000000000000000000000000000000000000000000000000000001398900000000005090000000000000   130319078          00000000000000                                                                  000069
1020874591800017100000090345100240370REGTIT24411902069889     000000000000598200120000000000000000000000000906120319190206988900000000000059820012280219000000001348034102947  000000000000000000000000000000000000000000000000000000000000000000000000000000000000001398900000000005090000000000000   130319078          00000000000000                                                                  000070
1020874591800017100000090345100240370REGTIT24411902070048     000000000000598206400000000000000000000000000906120319190207004800000000000059820640280219000000001348010403322  000000000000000000000000000000000000000000000000000000000000000000000000000000000000001398900000000005090000000000000   130319078          00000000000000                                                                  000071
1020874591800017100000090345100240370REGTIT24411902070098     000000000000598208370000000000000000000000000906120319190207009800000000000059820837280219000000000999000102822  000000000000000000000000000000000000000000000000000000000000000000000000000000000000001036900000000003790000000000000   130319078          00000000000000                                                                  000072
1020874591800017100000090345100240370REGTIT24411902070101     000000000000598208530000000000000000000000000906120319190207010100000000000059820853280219000000001348034103715  000000000000000000000000000000000000000000000000000000000000000000000000000000000000001398900000000005090000000000000   130319078          00000000000000                                                                  000073
1020874591800017100000090345100240370REGTIT24411902070147     000000000000598210350000000000000000000000000906120319190207014700000000000059821035280219000000001348075604368  000000000000000000000000000000000000000000000000000000000000000000000000000000000000001398900000000005090000000000000   130319078          00000000000000                                                                  000074
1020874591800017100000090345100240370REGTIT24411902070188     000000000000598212050000000000000000000000000906120319190207018800000000000059821205280219000000001348023703000  000000000000000000000000000000000000000000000000000000000000000000000000000000000000001398900000000005090000000000000   130319035          00000000000000                                                                  000075
1020874591800017100000090345100240370REGTIT24411902070197     0000000000005982123P000000000000000000000000090612031919020701970000000000005982123P280219000000001348010400389  000000000000000000000000000000000000000000000000000000000000000000000000000000000000001398900000000005090000000000000   130319078          00000000000000                                                                  000076
1020874591800017100000090345100240370REGTIT24411902070232     0000000000005982137P000000000000000000000000090612031919020702320000000000005982137P280219000000001098000104297  000000000000000000000000000000000000000000000000000000000000000000000000000000000000001139100000000004110000000000000   130319078          00000000000000                                                                  000077
1020874591800017100000090345100240370REGTIT24411902070253     000000000000598214500000000000000000000000000906120319190207025300000000000059821450280219000000001249034109180  000000000000000000000000000000000000000000000000000000000000000000000000000000000000001296700000000004770000000000000   130319078          00000000000000                                                                  000078
1020874591800017100000090345100240370REGTIT24411902070501     000000000000598224060000000000000000000000000906120319190207050100000000000059822406280219000000001848010400377  000000000000000000000000000000000000000000000000000000000000000000000000000000000000001918500000000007050000000000000   130319078          00000000000000                                                                  000079
1020874591800017100000090345100240370REGTIT24411902071010     000000000000598247780000000000000000000000000906120319190207101000000000000059824778280219000000001190634104080  000000000000000000000000000000000000000000000000000000000000000000000000000000000000001236000000000004540000000000000   130319078          00000000000000                                                                  000080
1020874591800017100000090345100240370REGTIT24411902071097     0000000000005982526P000000000000000000000000090612031919020710970000000000005982526P280219000000000699010401266  000000000000000000000000000000000000000000000000000000000000000000000000000000000000000724900000000002590000000000000   130319078          00000000000000                                                                  000081
1020874591800017100000090345100240370REGTIT24411902071121     000000000000598253670000000000000000000000000906120319190207112100000000000059825367280219000000000800003301548  000000000000000000000000000000000000000000000000000000000000000000000000000000000000000830400000000003040000000000000   130319078          00000000000000                                                                  000082
1020874591800017100000090345100240370REGTIT24411902071221     000000000000598258710000000000000000000000000906120319190207122100000000000059825871280219000000000998074807405  000000000000000000000000000000000000000000000000000000000000000000000000000000000000001035900000000003790000000000000   130319078          00000000000000                                                                  000083
1020874591800017100000090345100240370REGTIT24411902071236     000000000000598259520000000000000000000000000906120319190207123600000000000059825952280219000000000998010403866  000000000000000000000000000000000000000000000000000000000000000000000000000000000000001035900000000003790000000000000   130319078          00000000000000                                                                  000084
1020874591800017100000090345100240370REGTIT24411902071250     0000000000005982607P000000000000000000000000090612031919020712500000000000005982607P280219000000000998034108616  000000000000000000000000000000000000000000000000000000000000000000000000000000000000001035900000000003790000000000000   130319078          00000000000000                                                                  000085
1020874591800017100000090345100240370REGTIT24411902071391     000000000000598270680000000000000000000000000906120319190207139100000000000059827068280219000000000998074807415  000000000000000000000000000000000000000000000000000000000000000000000000000000000000001035900000000003790000000000000   130319078          00000000000000                                                                  000086
1020874591800017100000090345100240370REGTIT24411902071422     000000000000598272620000000000000000000000000906120319190207142200000000000059827262280219000000001111034103721  000000000000000000000000000000000000000000000000000000000000000000000000000000000000001153600000000004260000000000000   130319078          00000000000000                                                                  000087
1020874591800017100000090345100240370REGTIT24411902071525     000000000000598279120000000000000000000000000906120319190207152500000000000059827912280219000000000998023705749  000000000000000000000000000000000000000000000000000000000000000000000000000000000000001035900000000003790000000000000   130319035          00000000000000                                                                  000088
1020874591800017100000090345100240370REGTIT24411902071571     0000000000005982817P000000000000000000000000090612031919020715710000000000005982817P280219000000000998004100120  000000000000000000000000000000000000000000000000000000000000000000000000000000000000001035900000000003790000000000000   130319078          00000000000000                                                                  000089
1020874591800017100000090345100240370REGTIT24411902071616     0000000000005982848P000000000000000000000000090612031919020716160000000000005982848P280219000000000998003300812  000000000000000000000000000000000000000000000000000000000000000000000000000000000000001035900000000003790000000000000   130319078          00000000000000                                                                  000090
1020874591800017100000090345100240370REGTIT24411902071673     000000000000598288380000000000000000000000000906120319190207167300000000000059828838280219000000000800034103822  000000000000000000000000000000000000000000000000000000000000000000000000000000000000000830400000000003040000000000000   130319078          00000000000000                                                                  000091
1020874591800017100000090345100240370REGTIT24411902071682     000000000000598288970000000000000000000000000906120319190207168200000000000059828897280219000000000649023702933  000000000000000000000000000000000000000000000000000000000000000000000000000000000000000673900000000002490000000000000   130319066          00000000000000                                                                  000092
1020874591800017100000090345100240370REGTIT24411902071685     000000000000598289190000000000000000000000000906120319190207168500000000000059828919280219000000000799007700001  000000000000000000000000000000000000000000000000000000000000000000000000000000000000000829300000000003030000000000000   130319078          00000000000000                                                                  000093
1020874591800017100000090345100240370REGTIT24411902071714     000000000000598291250000000000000000000000000906120319190207171400000000000059829125280219000000000998010400375  000000000000000000000000000000000000000000000000000000000000000000000000000000000000001035900000000003790000000000000   130319078          00000000000000                                                                  000094
1020874591800017100000090345100240370REGTIT24411902071825     000000000000598298260000000000000000000000000906120319190207182500000000000059829826280219000000000699023701360  000000000000000000000000000000000000000000000000000000000000000000000000000000000000000724900000000002590000000000000   130319035          00000000000000                                                                  000095
1020874591800017100000090345100240370REGTIT24411902071867     000000000000598301230000000000000000000000000906120319190207186700000000000059830123280219000000000899010400393  000000000000000000000000000000000000000000000000000000000000000000000000000000000000000932500000000003350000000000000   130319078          00000000000000                                                                  000096
1020874591800017100000090345100240370REGTIT24411902071883     000000000000598302550000000000000000000000000906120319190207188300000000000059830255280219000000001016074809054  000000000000000000000000000000000000000000000000000000000000000000000000000000000000001054300000000003830000000000000   130319078          00000000000000                                                                  000097
1020874591800017100000090345100240370REGTIT24411902071911     000000000000598304680000000000000000000000000906120319190207191100000000000059830468280219000000000998010404508  000000000000000000000000000000000000000000000000000000000000000000000000000000000000001035900000000003790000000000000   130319078          00000000000000                                                                  000098
1020874591800017100000090345100240370REGTIT24411902071972     0000000000005983093P000000000000000000000000090612031919020719720000000000005983093P280219000000000998000103848  000000000000000000000000000000000000000000000000000000000000000000000000000000000000001035900000000003790000000000000   130319078          00000000000000                                                                  000099
1020874591800017100000090345100240370REGTIT24411902072091     000000000000598318120000000000000000000000000906120319190207209100000000000059831812280219000000000899034100655  000000000000000000000000000000000000000000000000000000000000000000000000000000000000000932500000000003350000000000000   130319078          00000000000000                                                                  000100
1020874591800017100000090345100240370REGTIT24411902072256     000000000000598329670000000000000000000000000906120319190207225600000000000059832967280219000000000998010400385  000000000000000000000000000000000000000000000000000000000000000000000000000000000000001035900000000003790000000000000   130319078          00000000000000                                                                  000101
1020874591800017100000090345100240370REGTIT24411902072312     000000000000598334160000000000000000000000000906120319190207231200000000000059833416280219000000000799003301270  000000000000000000000000000000000000000000000000000000000000000000000000000000000000000829300000000003030000000000000   130319078          00000000000000                                                                  000102
1020874591800017100000090345100240370REGTIT24411902072345     000000000000598336530000000000000000000000000906120319190207234500000000000059833653280219000000000998034100296  000000000000000000000000000000000000000000000000000000000000000000000000000000000000001035900000000003790000000000000   130319078          00000000000000                                                                  000103
1020874591800017100000090345100240370REGTIT24411902072364     000000000000598337930000000000000000000000000906120319190207236400000000000059833793280219000000001099023705908  000000000000000000000000000000000000000000000000000000000000000000000000000000000000001140100000000004110000000000000   130319074          00000000000000                                                                  000104
1020874591800017100000090345100240370REGTIT24411902072365     000000000000598338070000000000000000000000000906120319190207236500000000000059833807280219000000001348034103709  000000000000000000000000000000000000000000000000000000000000000000000000000000000000001398900000000005090000000000000   130319078          00000000000000                                                                  000105
1020874591800017100000090345100240370REGTIT24411902072392     0000000000005983403P000000000000000000000000090612031919020723920000000000005983403P280219000000000799010400998  000000000000000000000000000000000000000000000000000000000000000000000000000000000000000829300000000003030000000000000   130319078          00000000000000                                                                  000106
1020874591800017100000090345100240370REGTIT24411902072425     000000000000598342770000000000000000000000000906120319190207242500000000000059834277280219000000000799010403640  000000000000000000000000000000000000000000000000000000000000000000000000000000000000000829300000000003030000000000000   130319078          00000000000000                                                                  000107
1020874591800017100000090345100240370REGTIT24411902072451     000000000000598344550000000000000000000000000906120319190207245100000000000059834455280219000000000998023701545  000000000000000000000000000000000000000000000000000000000000000000000000000000000000001035900000000003790000000000000   130319082          00000000000000                                                                  000108
1020874591800017100000090345100240370REGTIT24411902072510     000000000000598348970000000000000000000000000906120319190207251000000000000059834897280219000000000998023703051  000000000000000000000000000000000000000000000000000000000000000000000000000000000000001035900000000003790000000000000   130319082          00000000000000                                                                  000109
1020874591800017100000090345100240370REGTIT24411902072539     000000000000598351330000000000000000000000000906120319190207253900000000000059835133280219000000000998003301012  000000000000000000000000000000000000000000000000000000000000000000000000000000000000001035900000000003790000000000000   130319078          00000000000000                                                                  000110
1020874591800017100000090345100240370REGTIT24411902072631     000000000000598358690000000000000000000000000906120319190207263100000000000059835869280219000000000798034107407  000000000000000000000000000000000000000000000000000000000000000000000000000000000000000828300000000003030000000000000   130319078          00000000000000                                                                  000111
1020874591800017100000090345100240370REGTIT24411902072649     000000000000598360240000000000000000000000000906120319190207264900000000000059836024280219000000000998010400184  000000000000000000000000000000000000000000000000000000000000000000000000000000000000001035900000000003790000000000000   130319078          00000000000000                                                                  000112
1020874591800017100000090345100240370REGTIT24411902072701     000000000000598365040000000000000000000000000906120319190207270100000000000059836504280219000000001106010402974  000000000000000000000000000000000000000000000000000000000000000000000000000000000000001148500000000004250000000000000   130319078          00000000000000                                                                  000113
1020874591800017100000090345100240370REGTIT24411902072723     000000000000598366870000000000000000000000000906120319190207272300000000000059836687280219000000000998010404508  000000000000000000000000000000000000000000000000000000000000000000000000000000000000001035900000000003790000000000000   130319078          00000000000000                                                                  000114
1020874591800017100000090345100240370REGTIT24411902072784     000000000000598372170000000000000000000000000906120319190207278400000000000059837217280219000000000998034105520  000000000000000000000000000000000000000000000000000000000000000000000000000000000000001035900000000003790000000000000   130319078          00000000000000                                                                  000115
1020874591800017100000090345100240370REGTIT24411902072785     000000000000598372250000000000000000000000000906120319190207278500000000000059837225280219000000000998010400375  000000000000000000000000000000000000000000000000000000000000000000000000000000000000001035900000000003790000000000000   130319078          00000000000000                                                                  000116
1020874591800017100000090345100240370REGTIT24411902072796     000000000000598373140000000000000000000000000906120319190207279600000000000059837314280219000000000998023706705  000000000000000000000000000000000000000000000000000000000000000000000000000000000000001035900000000003790000000000000   130319035          00000000000000                                                                  000117
1020874591800017100000090345100240370REGTIT24411902072891     000000000000598382130000000000000000000000000906120319190207289100000000000059838213280219000000000998034105520  000000000000000000000000000000000000000000000000000000000000000000000000000000000000001035900000000003790000000000000   130319078          00000000000000                                                                  000118
1020874591800017100000090345100240370REGTIT24411902072928     0000000000005983854P000000000000000000000000090612031919020729280000000000005983854P280219000000000799010400376  000000000000000000000000000000000000000000000000000000000000000000000000000000000000000829300000000003030000000000000   130319078          00000000000000                                                                  000119
1020874591800017100000090345100240370REGTIT24411902073002     000000000000598392440000000000000000000000000906120319190207300200000000000059839244280219000000000799010400356  000000000000000000000000000000000000000000000000000000000000000000000000000000000000000829300000000003030000000000000   130319078          00000000000000                                                                  000120
1020874591800017100000090345100240370REGTIT24411902073126     000000000000598404120000000000000000000000000906120319190207312600000000000059840412280219000000000998023700587  000000000000000000000000000000000000000000000000000000000000000000000000000000000000001035900000000003790000000000000   130319035          00000000000000                                                                  000121
1020874591800017100000090345100240370REGTIT24411902073133     000000000000598404630000000000000000000000000906120319190207313300000000000059840463280219000000000898034107222  000000000000000000000000000000000000000000000000000000000000000000000000000000000000000931500000000003350000000000000   130319078          00000000000000                                                                  000122
1020874591800017100000090345100240370REGTIT24411902073183     000000000000598409270000000000000000000000000906120319190207318300000000000059840927280219000000000998010403379  000000000000000000000000000000000000000000000000000000000000000000000000000000000000001035900000000003790000000000000   130319078          00000000000000                                                                  000123
1020874591800017100000090345100240370REGTIT24411902073187     0000000000005984096P000000000000000000000000090612031919020731870000000000005984096P280219000000000998010401282  000000000000000000000000000000000000000000000000000000000000000000000000000000000000001035900000000003790000000000000   130319078          00000000000000                                                                  000124
1020874591800017100000090345100240370REGTIT24411902073189     000000000000598409860000000000000000000000000906120319190207318900000000000059840986280219000000000998023706151  000000000000000000000000000000000000000000000000000000000000000000000000000000000000001035900000000003790000000000000   130319035          00000000000000                                                                  000125
1020874591800017100000090345100240370REGTIT244599720881374    000000009000598418350000000000000000000000000906120319997208813700000000900059841835120319000000001488803304296  000000000000000000000000000000000000000000000000000000000000000000000000000000000000001488800000000000000000000000000   130319078          00000000000000                                                                  000126
1020874591800017100000090345100240370REGTIT2607996692794216   000000009000598719630000000000000000000000000906120319996692794200000000900059871963120319000000001698010400374  000000000000000000000000000000000000000000000000000000000000000000000000000000000000001698000000000000000000000000000   130319078          00000000000000                                                                  000127
1020874591800017100000090345100240370REGTIT2607996763340579   000000009000598720480000000000000000000000000906120319996763340500000000900059872048120319000000001448010403915  000000000000000000000000000000000000000000000000000000000000000000000000000000000000001448000000000000000000000000000   130319078          00000000000000                                                                  000128
1020874591800017100000090345100240370REGTIT20751812070542     000000000000596399460000000000000000000000000909120319181207054200000000000059639946281218000000002397023704150  000000000000000000000000000000000000000000000000000000000000000000000000000000000000000000000000000000000000000000000                          0000000000                                                                  000129
1020874591800017100000090345100240370REGTIT22981901070542     0000000000005973499P000000000000000000000000090912031919010705420000000000005973499P300119000000001348023704150  000000000000000000000000000000000000000000000000000000000000000000000000000000000000000000000000000000000000000000000                          0000000000                                                                  000130
1020874591800017100000090345100240370REGTIT24411902053793     000000000000597971850000000000000000000000000909120319190205379300000000000059797185280219000000002194023704150  000000000000000000000000000000000000000000000000000000000000000000000000000000000000000000000000000000000000000000000                          0000000000                                                                  000131
1020874591800017100000090345100240370REGTIT24411902055687     000000000000597974950000000000000000000000000909120319190205568700000000000059797495280219000000001464023704150  000000000000000000000000000000000000000000000000000000000000000000000000000000000000000000000000000000000000000000000                          0000000000                                                                  000132
1020874591800017100000090345100240370REGTIT24411902062346     0000000000005979979P000000000000000000000000090912031919020623460000000000005979979P280219000000001878023704150  000000000000000000000000000000000000000000000000000000000000000000000000000000000000000000000000000000000000000000000                          0000000000                                                                  000133
1020874591800017100000090345100240370REGTIT24411902070542     000000000000598225620000000000000000000000000909120319190207054200000000000059822562280219000000001348023704150  000000000000000000000000000000000000000000000000000000000000000000000000000000000000000000000000000000000000000000000                          0000000000                                                                  000134
1020874591800017100000090345100240370REGTIT24411902072165     000000000000598322900000000000000000000000000909120319190207216500000000000059832290280219000000000998023704150  000000000000000000000000000000000000000000000000000000000000000000000000000000000000000000000000000000000000000000000                          0000000000                                                                  000135
1020874591800017100000090345100240370REGTIT24411902072576     000000000000598354350000000000000000000000000909120319190207257600000000000059835435280219000000003144523704150  000000000000000000000000000000000000000000000000000000000000000000000000000000000000000000000000000000000000000000000                          0000000000                                                                  000136
1020874591800017100000090345100240370REGTIT22981901065709     000000000000597169320000000000000000000000000912120319190106570900000000000059716932300119000000001369023704150  000000000000000000000000000000000000000000000000000000000000011160000000000000000000000000000000000000000000000000000                          0000000000                                                                  000137
9201237          000026870000003941121800000563          00013000000280979000001525421001140000014683000000800000014771500000000000000000000000000000000000000100000001369000000000000000000                                                                                                                                                                              00000000000000000000000         000138
