02RETORNO01COBRANCA       00000000000004852239ISPCN ADM DE COBRANCA DE TITUL237BRADESCO       1903190160000000606                                                                                                                                                                                                                                                                          200319         000001
102122445950001000000009034510032549PREGTIT30645525877968     0000000000005898352P000000000000000000000000090219031900058983520000000000005898352P180519000000002500023703451  000000000014300000000000000000000000000000000000000000000000000000000000000000000000000000000000000000000000000000000                          0000000000                                                                  000002
102122445950001000000009034510032549PREGTIT30641357689806     000000000000590881090000000000000000000000000902190319000590881000000000000059088109180519000000002900023704152  000000000014300000000000000000000000000000000000000000000000000000000000000000000000000000000000000000000000000000000                          0000000000                                                                  000003
102122445950001000000009034510032549PREGTIT30647692799659     000000000000591760080000000000000000000000000902190319000591760000000000000059176008180519000000005300023704151  000000000014300000000000000000000000000000000000000000000000000000000000000000000000000000000000000000000000000000000                          0000000000                                                                  000004
102122445950001000000009034510032549PREGTIT30649657242161     000000000000592753750000000000000000000000000902190319000592753700000000000059275375180519000000003800023704151  000000000014300000000000000000000000000000000000000000000000000000000000000000000000000000000000000000000000000000000                          0000000000                                                                  000005
102122445950001000000009034510032549PREGTIT30641363762873     000000000000592869700000000000000000000000000902190319000592869700000000000059286970180519000000002000023704151  000000000014300000000000000000000000000000000000000000000000000000000000000000000000000000000000000000000000000000000                          0000000000                                                                  000006
102122445950001000000009034510032549PREGTIT30644700850223     000000000000593757520000000000000000000000000902190319000593757500000000000059375752150519000000012083323704144  000000000014300000000000000000000000000000000000000000000000000000000000000000000000000000000000000000000000000000000                          0000000000                                                                  000007
102122445950001000000009034510032549PREGTIT30648594709585     000000000000593800470000000000000000000000000902190319000593800400000000000059380047180519000000006020023704157  000000000014300000000000000000000000000000000000000000000000000000000000000000000000000000000000000000000000000000000                          0000000000                                                                  000008
102122445950001000000009034510032549PREGTIT30642389455681     000000000000593880720000000000000000000000000902190319000593880700000000000059388072180519000000000650023703451  000000000014300000000000000000000000000000000000000000000000000000000000000000000000000000000000000000000000000000000                          0000000000                                                                  000009
102122445950001000000009034510032549PREGTIT30647635396346     000000000000593886090000000000000000000000000902190319000593886000000000000059388609180519000000000600023703451  000000000014300000000000000000000000000000000000000000000000000000000000000000000000000000000000000000000000000000000                          0000000000                                                                  000010
102122445950001000000009034510032549PREGTIT30641622137634     000000000000593888700000000000000000000000000902190319000593888700000000000059388870180519000000000700023703451  000000000014300000000000000000000000000000000000000000000000000000000000000000000000000000000000000000000000000000000                          0000000000                                                                  000011
102122445950001000000009034510032549PREGTIT30649531727068     000000000000594815280000000000000000000000000902190319000594815200000000000059481528180519000000001300023703451  000000000014300000000000000000000000000000000000000000000000000000000000000000000000000000000000000000000000000000000                          0000000000                                                                  000012
102122445950001000000009034510032549PREGTIT30648253809081     000000000000595680540000000000000000000000000902190319000595680500000000000059568054180519000000000875023703451  000000000014300000000000000000000000000000000000000000000000000000000000000000000000000000000000000000000000000000000                          0000000000                                                                  000013
102122445950001000000009034510032549PREGTIT30646623720534     000000000000595783190000000000000000000000000902190319000595783100000000000059578319180519000000001100023704144  000000000014300000000000000000000000000000000000000000000000000000000000000000000000000000000000000000000000000000000                          0000000000                                                                  000014
102122445950001000000009034510032549PREGTIT30643760054107     000000000000595854630000000000000000000000000902190319000595854600000000000059585463180519000000000600023704144  000000000014300000000000000000000000000000000000000000000000000000000000000000000000000000000000000000000000000000000                          0000000000                                                                  000015
102122445950001000000009034510032549PREGTIT30646663702477     000000000000595976310000000000000000000000000902190319000595976300000000000059597631180519000000002000023704151  000000000014300000000000000000000000000000000000000000000000000000000000000000000000000000000000000000000000000000000                          0000000000                                                                  000016
102122445950001000000009034510032549PREGTIT30641997500504     000000000000596645170000000000000000000000000902190319000596645100000000000059664517180519000000002500023704151  000000000014300000000000000000000000000000000000000000000000000000000000000000000000000000000000000000000000000000000                          0000000000                                                                  000017
102122445950001000000009034510032549PREGTIT30643916818002     000000000000596771630000000000000000000000000902190319000596771600000000000059677163180519000000000429423704157  000000000014300000000000000000000000000000000000000000000000000000000000000000000000000000000000000000000000000000000                          0000000000                                                                  000018
102122445950001000000009034510032549PREGTIT30644247678091     000000000000596779020000000000000000000000000902190319000596779000000000000059677902180519000000004000023704152  000000000014300000000000000000000000000000000000000000000000000000000000000000000000000000000000000000000000000000000                          7600000000                                                                  000019
102122445950001000000009034510032549PREGTIT30644783728370     000000000000596788010000000000000000000000000902190319000596788000000000000059678801180519000000003928023703451  000000000014300000000000000000000000000000000000000000000000000000000000000000000000000000000000000000000000000000000                          0000000000                                                                  000020
102122445950001000000009034510032549PREGTIT30644879104403     000000000000596972450000000000000000000000000902190319000596972400000000000059697245180519000000002150023704151  000000000014300000000000000000000000000000000000000000000000000000000000000000000000000000000000000000000000000000000                          7600000000                                                                  000021
102122445950001000000009034510032549PREGTIT30646114120677     000000000000597618490000000000000000000000000902190319000597618400000000000059761849180519000000003200023704152  000000000014300000000000000000000000000000000000000000000000000000000000000000000000000000000000000000000000000000000                          0000000000                                                                  000022
102122445950001000000009034510032549PREGTIT30648604261506     000000000000597892040000000000000000000000000902190319000597892000000000000059789204180519000000002000023700408  000000000014300000000000000000000000000000000000000000000000000000000000000000000000000000000000000000000000000000000                          0000000000                                                                  000023
102122445950001000000009034510032549PREGTIT30648864709374     000000000000598520380000000000000000000000000902190319000598520300000000000059852038180519000000002017523704144  000000000014300000000000000000000000000000000000000000000000000000000000000000000000000000000000000000000000000000000                          7600000000                                                                  000024
102122445950001000000009034510032549PREGTIT30644949327649     000000000000598527630000000000000000000000000902190319000598527600000000000059852763180519000000000399723703451  000000000014300000000000000000000000000000000000000000000000000000000000000000000000000000000000000000000000000000000                          0000000000                                                                  000025
102122445950001000000009034510032549PREGTIT30646485341787     000000000000599353670000000000000000000000000902190319000599353600000000000059935367180519000000000479723704144  000000000014300000000000000000000000000000000000000000000000000000000000000000000000000000000000000000000000000000000                          0000000000                                                                  000026
102122445950001000000009034510032549PREGTIT30645531491831     000000000000599354050000000000000000000000000902190319000599354000000000000059935405180519000000001900023704151  000000000014300000000000000000000000000000000000000000000000000000000000000000000000000000000000000000000000000000000                          7600000000                                                                  000027
102122445950001000000009034510032549PREGTIT30645177843276     000000000000599356180000000000000000000000000902190319000599356100000000000059935618180519000000007730023704159  000000000014300000000000000000000000000000000000000000000000000000000000000000000000000000000000000000000000000000000                          7600000000                                                                  000028
102122445950001000000009034510032549PREGTIT30646491071449     000000000000599363120000000000000000000000000902190319000599363100000000000059936312080419000000018341623704151  000000000014300000000000000000000000000000000000000000000000000000000000000000000000000000000000000000000000000000000                          0000000000                                                                  000029
102122445950001000000009034510032549PREGTIT30649647144286     000000000000599363200000000000000000000000000902190319000599363200000000000059936320200419000000001286123700140  000000000014300000000000000000000000000000000000000000000000000000000000000000000000000000000000000000000000000000000                          7600000000                                                                  000030
102122445950001000000009034510032549PREGTIT30641965767550     000000000000599363980000000000000000000000000902190319000599363900000000000059936398190419000000032250023704151  000000000014300000000000000000000000000000000000000000000000000000000000000000000000000000000000000000000000000000000                          0000000000                                                                  000031
102122445950001000000009034510032549PREGTIT30649098579895     0000000000005993641P000000000000000000000000090219031900059936410000000000005993641P190419000000032250023704151  000000000014300000000000000000000000000000000000000000000000000000000000000000000000000000000000000000000000000000000                          0000000000                                                                  000032
102122445950001000000009034510032549PREGTIT30642553769345     000000000000599364360000000000000000000000000902190319000599364300000000000059936436190419000000029000023704151  000000000014300000000000000000000000000000000000000000000000000000000000000000000000000000000000000000000000000000000                          0000000000                                                                  000033
102122445950001000000009034510032549PREGTIT30649307222523     000000000000599364520000000000000000000000000902190319000599364500000000000059936452190419000000018000023704151  000000000014300000000000000000000000000000000000000000000000000000000000000000000000000000000000000000000000000000000                          0000000000                                                                  000034
102122445950001000000009034510032549PREGTIT30647507968122     000000000000599364790000000000000000000000000902190319000599364700000000000059936479190419000000016200023704151  000000000014300000000000000000000000000000000000000000000000000000000000000000000000000000000000000000000000000000000                          0000000000                                                                  000035
102122445950001000000009034510032549PREGTIT30654544482897     000000000000599364950000000000000000000000000902190319000599364900000000000059936495190419000000019200023704151  000000000014300000000000000000000000000000000000000000000000000000000000000000000000000000000000000000000000000000000                          0000000000                                                                  000036
102122445950001000000009034510032549PREGTIT30658756179648     000000000000599365170000000000000000000000000902190319000599365100000000000059936517190419000000001000023704151  000000000014300000000000000000000000000000000000000000000000000000000000000000000000000000000000000000000000000000000                          0000000000                                                                  000037
102122445950001000000009034510032549PREGTIT30655461066977     000000000000599365330000000000000000000000000902190319000599365300000000000059936533190419000000013500023704151  000000000014300000000000000000000000000000000000000000000000000000000000000000000000000000000000000000000000000000000                          0000000000                                                                  000038
102122445950001000000009034510032549PREGTIT30655207015114     0000000000005993655P000000000000000000000000090219031900059936550000000000005993655P190419000000012580023704151  000000000014300000000000000000000000000000000000000000000000000000000000000000000000000000000000000000000000000000000                          0000000000                                                                  000039
102122445950001000000009034510032549PREGTIT30659723055404     000000000000599365680000000000000000000000000902190319000599365600000000000059936568150419000000001650023703451  000000000014300000000000000000000000000000000000000000000000000000000000000000000000000000000000000000000000000000000                          0000000000                                                                  000040
102122445950001000000009034510032549PREGTIT30659723055404     000000000000599365760000000000000000000000000902190319000599365700000000000059936576150519000000001650023703451  000000000014300000000000000000000000000000000000000000000000000000000000000000000000000000000000000000000000000000000                          0000000000                                                                  000041
102122445950001000000009034510032549PREGTIT30655418573075     000000000000599367110000000000000000000000000902190319000599367100000000000059936711190419000000016000023704151  000000000014300000000000000000000000000000000000000000000000000000000000000000000000000000000000000000000000000000000                          0000000000                                                                  000042
102122445950001000000009034510032549PREGTIT30657210143030     0000000000005993672P000000000000000000000000090219031900059936720000000000005993672P190419000000002498623704152  000000000014300000000000000000000000000000000000000000000000000000000000000000000000000000000000000000000000000000000                          0000000000                                                                  000043
102122445950001000000009034510032549PREGTIT30658274135502     000000000000599367540000000000000000000000000902190319000599367500000000000059936754100419000000003000023704151  000000000014300000000000000000000000000000000000000000000000000000000000000000000000000000000000000000000000000000000                          7600000000                                                                  000044
102122445950001000000009034510032549PREGTIT30658274135502     000000000000599367620000000000000000000000000902190319000599367600000000000059936762100519000000003000023704151  000000000014300000000000000000000000000000000000000000000000000000000000000000000000000000000000000000000000000000000                          7600000000                                                                  000045
102122445950001000000009034510032549PREGTIT30667470103200     000000000000599368430000000000000000000000000902190319000599368400000000000059936843190419000000002245023704152  000000000014300000000000000000000000000000000000000000000000000000000000000000000000000000000000000000000000000000000                          0000000000                                                                  000046
102122445950001000000009034510032549PREGTIT30661587013279     000000000000599368860000000000000000000000000902190319000599368800000000000059936886190419000000006012523704400  000000000014300000000000000000000000000000000000000000000000000000000000000000000000000000000000000000000000000000000                          0000000000                                                                  000047
102122445950001000000009034510032549PREGTIT30668991510752     000000000000599369590000000000000000000000000902190319000599369500000000000059936959190419000000022000023704151  000000000014300000000000000000000000000000000000000000000000000000000000000000000000000000000000000000000000000000000                          0000000000                                                                  000048
102122445950001000000009034510032549PREGTIT30665001979656     000000000000599371140000000000000000000000000902190319000599371100000000000059937114110419000000003099323703451  000000000014300000000000000000000000000000000000000000000000000000000000000000000000000000000000000000000000000000000                          0000000000                                                                  000049
102122445950001000000009034510032549PREGTIT30665001979656     000000000000599371220000000000000000000000000902190319000599371200000000000059937122110519000000003099323703451  000000000014300000000000000000000000000000000000000000000000000000000000000000000000000000000000000000000000000000000                          0000000000                                                                  000050
102122445950001000000009034510032549PREGTIT30678717232069     000000000000599371650000000000000000000000000902190319000599371600000000000059937165190419000000018211223704151  000000000014300000000000000000000000000000000000000000000000000000000000000000000000000000000000000000000000000000000                          0000000000                                                                  000051
102122445950001000000009034510032549PREGTIT30671226241095     000000000000599371810000000000000000000000000902190319000599371800000000000059937181190419000000016800023704151  000000000014300000000000000000000000000000000000000000000000000000000000000000000000000000000000000000000000000000000                          0000000000                                                                  000052
102122445950001000000009034510032549PREGTIT30671934476983     000000000000599372030000000000000000000000000902190319000599372000000000000059937203190419000000038000023704151  000000000014300000000000000000000000000000000000000000000000000000000000000000000000000000000000000000000000000000000                          0000000000                                                                  000053
102122445950001000000009034510032549PREGTIT30675155424794     000000000000599372890000000000000000000000000902190319000599372800000000000059937289250319000000001330023700073  000000000014300000000000000000000000000000000000000000000000000000000000000000000000000000000000000000000000000000000                          0000000000                                                                  000054
102122445950001000000009034510032549PREGTIT30675155424794     000000000000599372970000000000000000000000000902190319000599372900000000000059937297150419000000001330023700073  000000000014300000000000000000000000000000000000000000000000000000000000000000000000000000000000000000000000000000000                          0000000000                                                                  000055
102122445950001000000009034510032549PREGTIT30675155424794     000000000000599373000000000000000000000000000902190319000599373000000000000059937300150519000000001330023700073  000000000014300000000000000000000000000000000000000000000000000000000000000000000000000000000000000000000000000000000                          0000000000                                                                  000056
102122445950001000000009034510032549PREGTIT30677532936810     000000000000599373940000000000000000000000000902190319000599373900000000000059937394190419000000020000023704151  000000000014300000000000000000000000000000000000000000000000000000000000000000000000000000000000000000000000000000000                          0000000000                                                                  000057
102122445950001000000009034510032549PREGTIT30675542292963     000000000000599374160000000000000000000000000902190319000599374100000000000059937416190419000000005500023704151  000000000014300000000000000000000000000000000000000000000000000000000000000000000000000000000000000000000000000000000                          0000000000                                                                  000058
102122445950001000000009034510032549PREGTIT30677532023220     000000000000599375480000000000000000000000000902190319000599375400000000000059937548190419000000041400023704151  000000000014300000000000000000000000000000000000000000000000000000000000000000000000000000000000000000000000000000000                          0000000000                                                                  000059
102122445950001000000009034510032549PREGTIT30687505785057     000000000000599375720000000000000000000000000902190319000599375700000000000059937572190419000000013920023704151  000000000014300000000000000000000000000000000000000000000000000000000000000000000000000000000000000000000000000000000                          0000000000                                                                  000060
102122445950001000000009034510032549PREGTIT30695463700977     000000000000599375990000000000000000000000000902190319000599375900000000000059937599190419000000027143023704151  000000000014300000000000000000000000000000000000000000000000000000000000000000000000000000000000000000000000000000000                          0000000000                                                                  000061
102122445950001000000009034510032549PREGTIT30698547016017     000000000000599376100000000000000000000000000902190319000599376100000000000059937610190419000000005184823703451  000000000014300000000000000000000000000000000000000000000000000000000000000000000000000000000000000000000000000000000                          0000000000                                                                  000062
102122445950001000000009034510032549PREGTIT30693077039908     000000000000599376370000000000000000000000000902190319000599376300000000000059937637190419000000006575923704151  000000000014300000000000000000000000000000000000000000000000000000000000000000000000000000000000000000000000000000000                          7600000000                                                                  000063
102122445950001000000009034510032549PREGTIT30699685585420     000000000000599376450000000000000000000000000902190319000599376400000000000059937645270419000000003400023704428  000000000014300000000000000000000000000000000000000000000000000000000000000000000000000000000000000000000000000000000                          0000000000                                                                  000064
102122445950001000000009034510032549PREGTIT30698428325263     000000000000599377180000000000000000000000000902190319000599377100000000000059937718190419000000018200023704151  000000000014300000000000000000000000000000000000000000000000000000000000000000000000000000000000000000000000000000000                          0000000000                                                                  000065
102122445950001000000009034510032549PREGTIT30708968339214     000000000000599377340000000000000000000000000902190319000599377300000000000059937734190419000000007600023704151  000000000014300000000000000000000000000000000000000000000000000000000000000000000000000000000000000000000000000000000                          7600000000                                                                  000066
102122445950001000000009034510032549PREGTIT30703243193464     000000000000599377500000000000000000000000000902190319000599377500000000000059937750190419000000010070023704151  000000000014300000000000000000000000000000000000000000000000000000000000000000000000000000000000000000000000000000000                          0000000000                                                                  000067
102122445950001000000009034510032549PREGTIT30702625100471     000000000000599377690000000000000000000000000902190319000599377600000000000059937769100419000000001150023704152  000000000014300000000000000000000000000000000000000000000000000000000000000000000000000000000000000000000000000000000                          0000000000                                                                  000068
102122445950001000000009034510032549PREGTIT30702625100471     000000000000599377770000000000000000000000000902190319000599377700000000000059937777100519000000001150023704152  000000000014300000000000000000000000000000000000000000000000000000000000000000000000000000000000000000000000000000000                          0000000000                                                                  000069
102122445950001000000009034510032549PREGTIT30705894253684     000000000000599378310000000000000000000000000902190319000599378300000000000059937831190419000000003000023704151  000000000014300000000000000000000000000000000000000000000000000000000000000000000000000000000000000000000000000000000                          0000000000                                                                  000070
102122445950001000000009034510032549PREGTIT30719781106681     0000000000005993784P000000000000000000000000090219031900059937840000000000005993784P190419000000000600023704151  000000000014300000000000000000000000000000000000000000000000000000000000000000000000000000000000000000000000000000000                          0000000000                                                                  000071
102122445950001000000009034510032549PREGTIT30718000229870     000000000000599378580000000000000000000000000902190319000599378500000000000059937858190419000000001338223704144  000000000014300000000000000000000000000000000000000000000000000000000000000000000000000000000000000000000000000000000                          7600000000                                                                  000072
102122445950001000000009034510032549PREGTIT30715904752467     000000000000599379200000000000000000000000000902190319000599379200000000000059937920080419000000001328023704151  000000000014300000000000000000000000000000000000000000000000000000000000000000000000000000000000000000000000000000000                          7600000000                                                                  000073
102122445950001000000009034510032549PREGTIT30717308010968     000000000000599379630000000000000000000000000902190319000599379600000000000059937963190419000000025000023704152  000000000014300000000000000000000000000000000000000000000000000000000000000000000000000000000000000000000000000000000                          7600000000                                                                  000074
102122445950001000000009034510032549PREGTIT30714554370347     000000000000599379710000000000000000000000000902190319000599379700000000000059937971030519000000000670023703451  000000000014300000000000000000000000000000000000000000000000000000000000000000000000000000000000000000000000000000000                          0000000000                                                                  000075
102122445950001000000009034510032549PREGTIT30713984947854     000000000000599380800000000000000000000000000902190319000599380800000000000059938080190419000000008900023704151  000000000014300000000000000000000000000000000000000000000000000000000000000000000000000000000000000000000000000000000                          0000000000                                                                  000076
102122445950001000000009034510032549PREGTIT30719373229328     000000000000599380990000000000000000000000000902190319000599380900000000000059938099190419000000003950023704151  000000000014300000000000000000000000000000000000000000000000000000000000000000000000000000000000000000000000000000000                          7600000000                                                                  000077
102122445950001000000009034510032549PREGTIT30722626585521     0000000000005993820P000000000000000000000000090219031900059938200000000000005993820P190419000000040000023704151  000000000014300000000000000000000000000000000000000000000000000000000000000000000000000000000000000000000000000000000                          0000000000                                                                  000078
102122445950001000000009034510032549PREGTIT30726673935258     000000000000599382260000000000000000000000000902190319000599382200000000000059938226190419000000001500023704151  000000000014300000000000000000000000000000000000000000000000000000000000000000000000000000000000000000000000000000000                          0000000000                                                                  000079
102122445950001000000009034510032549PREGTIT30729076835798     000000000000599382420000000000000000000000000902190319000599382400000000000059938242190419000000042000023704151  000000000014300000000000000000000000000000000000000000000000000000000000000000000000000000000000000000000000000000000                          0000000000                                                                  000080
102122445950001000000009034510032549PREGTIT30721716776163     000000000000599383660000000000000000000000000902190319000599383600000000000059938366190419000000001312423704428  000000000014300000000000000000000000000000000000000000000000000000000000000000000000000000000000000000000000000000000                          0000000000                                                                  000081
102122445950001000000009034510032549PREGTIT30729799793602     000000000000599384470000000000000000000000000902190319000599384400000000000059938447100419000000020910023704144  000000000014300000000000000000000000000000000000000000000000000000000000000000000000000000000000000000000000000000000                          0000000000                                                                  000082
102122445950001000000009034510032549PREGTIT30728039076862     000000000000599385790000000000000000000000000902190319000599385700000000000059938579100519000000004040023704144  000000000014300000000000000000000000000000000000000000000000000000000000000000000000000000000000000000000000000000000                          0000000000                                                                  000083
102122445950001000000009034510032549PREGTIT30736670357758     000000000000599385870000000000000000000000000902190319000599385800000000000059938587100319000000001000023704144  000000000014300000000000000000000000000000000000000000000000000000000000000000000000000000000000000000000000000000000                          0000000000                                                                  000084
102122445950001000000009034510032549PREGTIT30736670357758     000000000000599385950000000000000000000000000902190319000599385900000000000059938595100419000000001000023704144  000000000014300000000000000000000000000000000000000000000000000000000000000000000000000000000000000000000000000000000                          0000000000                                                                  000085
102122445950001000000009034510032549PREGTIT30736670357758     000000000000599386090000000000000000000000000902190319000599386000000000000059938609100519000000001000023704144  000000000014300000000000000000000000000000000000000000000000000000000000000000000000000000000000000000000000000000000                          0000000000                                                                  000086
102122445950001000000009034510032549PREGTIT30737512723700     0000000000005993896P000000000000000000000000090219031900059938960000000000005993896P190419000000012750023704151  000000000014300000000000000000000000000000000000000000000000000000000000000000000000000000000000000000000000000000000                          0000000000                                                                  000087
102122445950001000000009034510032549PREGTIT30731444776774     000000000000599389860000000000000000000000000902190319000599389800000000000059938986010419000000003600023704400  000000000014300000000000000000000000000000000000000000000000000000000000000000000000000000000000000000000000000000000                          0000000000                                                                  000088
102122445950001000000009034510032549PREGTIT30731323653293     000000000000599389940000000000000000000000000902190319000599389900000000000059938994010419000000002412523704400  000000000014300000000000000000000000000000000000000000000000000000000000000000000000000000000000000000000000000000000                          0000000000                                                                  000089
102122445950001000000009034510032549PREGTIT30735679393861     0000000000005993901P000000000000000000000000090219031900059939010000000000005993901P190419000000020000023704151  000000000014300000000000000000000000000000000000000000000000000000000000000000000000000000000000000000000000000000000                          0000000000                                                                  000090
102122445950001000000009034510032549PREGTIT30732005045223     000000000000599390360000000000000000000000000902190319000599390300000000000059939036190419000000019200023704151  000000000014300000000000000000000000000000000000000000000000000000000000000000000000000000000000000000000000000000000                          0000000000                                                                  000091
102122445950001000000009034510032549PREGTIT30736780585646     000000000000599390600000000000000000000000000902190319000599390600000000000059939060190419000000030000023704151  000000000014300000000000000000000000000000000000000000000000000000000000000000000000000000000000000000000000000000000                          0000000000                                                                  000092
102122445950001000000009034510032549PREGTIT30733619867294     000000000000599390790000000000000000000000000902190319000599390700000000000059939079010419000000007110023704400  000000000014300000000000000000000000000000000000000000000000000000000000000000000000000000000000000000000000000000000                          0000000000                                                                  000093
102122445950001000000009034510032549PREGTIT30733757581909     000000000000599390950000000000000000000000000902190319000599390900000000000059939095190419000000015000023704151  000000000014300000000000000000000000000000000000000000000000000000000000000000000000000000000000000000000000000000000                          0000000000                                                                  000094
102122445950001000000009034510032549PREGTIT30735795073476     000000000000599391090000000000000000000000000902190319000599391000000000000059939109250319000000001064123704151  000000000014300000000000000000000000000000000000000000000000000000000000000000000000000000000000000000000000000000000                          7600000000                                                                  000095
102122445950001000000009034510032549PREGTIT30739153860844     000000000000599391250000000000000000000000000902190319000599391200000000000059939125020419000000004990023704151  000000000014300000000000000000000000000000000000000000000000000000000000000000000000000000000000000000000000000000000                          0000000000                                                                  000096
102122445950001000000009034510032549PREGTIT30738590837307     000000000000599391330000000000000000000000000902190319000599391300000000000059939133010419000000004800023704400  000000000014300000000000000000000000000000000000000000000000000000000000000000000000000000000000000000000000000000000                          0000000000                                                                  000097
102122445950001000000009034510032549PREGTIT30733453300384     000000000000599391410000000000000000000000000902190319000599391400000000000059939141010419000000001200023704400  000000000014300000000000000000000000000000000000000000000000000000000000000000000000000000000000000000000000000000000                          0000000000                                                                  000098
102122445950001000000009034510032549PREGTIT30745357477739     000000000000599391760000000000000000000000000902190319000599391700000000000059939176200319000000002000023704144  000000000014300000000000000000000000000000000000000000000000000000000000000000000000000000000000000000000000000000000                          7600000000                                                                  000099
102122445950001000000009034510032549PREGTIT26089210310528     000000000000588671200000000000000000000000000906190319000588671200000000000058867120200319000000001500010400626  000000000000000000000000000000000000000000000000000000000000000000000000000000000000001500000000000000000000000000000   200319             00000000000000                                                                  000100
102122445950001000000009034510032549PREGTIT21608278384428     000000000000588809920000000000000000000000000906190319000588809900000000000058880992200119000000001150023700785  000000000000000000000000000000000000000000000000000000000000000000000000000000000000001219400000000006940000000000000   200319             00000000000000                                                                  000101
102122445950001000000009034510032549PREGTIT24098278384428     0000000000005888100P000000000000000000000000090619031900058881000000000000005888100P200219000000001150023700785  000000000000000000000000000000000000000000000000000000000000000000000000000000000000001194600000000004460000000000000   200319             00000000000000                                                                  000102
102122445950001000000009034510032549PREGTIT26081867740472     000000000000588989480000000000000000000000000906190319000588989400000000000058898948200319000000003000010403866  000000000000000000000000000000000000000000000000000000000000000000000000000000000000003000000000000000000000000000000   200319             00000000000000                                                                  000103
102122445950001000000009034510032549PREGTIT28031897820184     000000000000590197940000000000000000000000000906190319000590197900000000000059019794150419000000000720074808130  000000000000000000000000000000000000000000000000000000000000000000000000000000000000000720000000000000000000000000000   200319             00000000000000                                                                  000104
102122445950001000000009034510032549PREGTIT26085252445360     0000000000005902254P000000000000000000000000090619031900059022540000000000005902254P200319000000003000010403866  000000000000000000000000000000000000000000000000000000000000000000000000000000000000003000000000000000000000000000000   200319             00000000000000                                                                  000105
102122445950001000000009034510032549PREGTIT26083730018184     0000000000005902478P000000000000000000000000090619031900059024780000000000005902478P200319000000001300010400559  000000000000000000000000000000000000000000000000000000000000000000000000000000000000001300000000000000000000000000000   200319             00000000000000                                                                  000106
102122445950001000000009034510032549PREGTIT25543219034837     000000000000591119410000000000000000000000000906190319000591119400000000000059111941140319000000001466434107473  000000000000000000000000000000000000000000000000000000000000000000000000000000000000001500700000000003430000000000000   200319             00000000000000                                                                  000107
102122445950001000000009034510032549PREGTIT26081343732409     000000000000591635850000000000000000000000000906190319000591635800000000000059163585200319000000001800010400860  000000000000000000000000000000000000000000000000000000000000000000000000000000000000001800000000000000000000000000000   200319             00000000000000                                                                  000108
102122445950001000000009034510032549PREGTIT24213907263816     000000000000592728480000000000000000000000000906190319000592728400000000000059272848240219000000000500010400023  000000000000000000000000000000000000000000000000000000000000000000000000000000000000000516900000000001690000000000000   200319             00000000000000                                                                  000109
102122445950001000000009034510032549PREGTIT25212941104769     000000000000592991690000000000000000000000000906190319000592991600000000000059299169100319000000004133403300390  000000000000000000000000000000000000000000000000000000000000000000000000000000000000004241200000000010780000000000000   200319             00000000000000                                                                  000110
102122445950001000000009034510032549PREGTIT26087739075033     000000000000593004260000000000000000000000000906190319000593004200000000000059300426200319000000001000010402884  000000000000000000000000000000000000000000000000000000000000000000000000000000000000001000000000000000000000000000000   200319             00000000000000                                                                  000111
102122445950001000000009034510032549PREGTIT28366859740813     000000000000593041890000000000000000000000000906190319000593041800000000000059304189200419000000002700010400047  000000000000000000000000000000000000000000000000000000000000000000000000000000000000002700000000000000000000000000000   200319             00000000000000                                                                  000112
102122445950001000000009034510032549PREGTIT26404547027411     000000000000594820010000000000000000000000000906190319000594820000000000000059482001250319000000002600074805359  000000000000000000000000000000000000000000000000000000000000000000000000000000000000002600000000000000000000000000000   200319             00000000000000                                                                  000113
102122445950001000000009034510032549PREGTIT23775035376929     000000000000595781810000000000000000000000000906190319000595781800000000000059578181170219000000000800003301467  000000000000000000000000000000000000000000000000000000000000000000000000000000000000000855000000000005500000000000000   200319             00000000000000                                                                  000114
102122445950001000000009034510032549PREGTIT25986339239134     000000000000595971190000000000000000000000000906190319000595971100000000000059597119190319000000003935034107444  000000000000000000000000000000000000000000000000000000000000000000000000000000000000003935000000000000000000000000000   200319             00000000000000                                                                  000115
102122445950001000000009034510032549PREGTIT26089639146683     000000000000596708270000000000000000000000000906190319000596708200000000000059670827200319000000001500010400559  000000000000000000000000000000000000000000000000000000000000000000000000000000000000001500000000000000000000000000000   200319             00000000000000                                                                  000116
102122445950001000000009034510032549PREGTIT25214473114626     000000000000596709400000000000000000000000000906190319000596709400000000000059670940100319000000007500034100788  000000000000000000000000000000000000000000000000000000000000000000000000000000000000007695000000000019500000000000000   200319             00000000000000                                                                  000117
102122445950001000000009034510032549PREGTIT26198147274880     000000000000596743500000000000000000000000000906190319000596743500000000000059674350230319000000004640003303585  000000000000000000000000000000000000000000000000000000000000000000000000000000000000004640000000000000000000000000000   200319             00000000000000                                                                  000118
102122445950001000000009034510032549PREGTIT26087859286578     000000000000596743930000000000000000000000000906190319000596743900000000000059674393200319000000005080003303585  000000000000000000000000000000000000000000000000000000000000000000000000000000000000005080000000000000000000000000000   200319             00000000000000                                                                  000119
102122445950001000000009034510032549PREGTIT26732086239945     0000000000005968058P000000000000000000000000090619031900059680580000000000005968058P300319000000001600010402928  000000000000000000000000000000000000000000000000000000000000000000000000000000000000001600000000000000000000000000000   200319             00000000000000                                                                  000120
102122445950001000000009034510032549PREGTIT24099672286262     000000000000596845770000000000000000000000000906190319000596845700000000000059684577210119000000000963010403753  000000000000000000000000000000000000000000000000000000000000000000000000000000000000001016400000000005340000000000000   200319             00000000000000                                                                  000121
102122445950001000000009034510032549PREGTIT24099672286262     000000000000596845850000000000000000000000000906190319000596845800000000000059684585210219000000000963010403753  000000000000000000000000000000000000000000000000000000000000000000000000000000000000000997800000000003480000000000000   200319             00000000000000                                                                  000122
102122445950001000000009034510032549PREGTIT25543694135298     000000000000596983220000000000000000000000000906190319000596983200000000000059698322150319000000002485023702471  000000000000000000000000000000000000000000000000000000000000000000000000000000000000002541500000000005650000000000000   200319             00000000000000                                                                  000123
102122445950001000000009034510032549PREGTIT26505390148911     000000000000597738390000000000000000000000000906190319000597738300000000000059773839240319000000001000034100570  000000000000000000000000000000000000000000000000000000000000000000000000000000000000001000000000000000000000000000000   200319             00000000000000                                                                  000124
102122445950001000000009034510032549PREGTIT27518469723752     000000000000597886900000000000000000000000000906190319000597886900000000000059788690200319000000001166723706153  000000000000000000000000000000000000000000000000000000000000000000000000000000000000001166700000000000000000000000000   200319             00000000000000                                                                  000125
102122445950001000000009034510032549PREGTIT27856212495672     000000000000598436160000000000000000000000000906190319000598436100000000000059843616200319000000001000023705745  000000000000000000000000000000000000000000000000000000000000000000000000000000000000001000000000000000000000000000000   200319             00000000000000                                                                  000126
102122445950001000000009034510032549PREGTIT27863229217972     000000000000598437720000000000000000000000000906190319000598437700000000000059843772200319000000000933323701011  000000000000000000000000000000000000000000000000000000000000000000000000000000000000000933300000000000000000000000000   200319             00000000000000                                                                  000127
102122445950001000000009034510032549PREGTIT28363229217972     000000000000598437800000000000000000000000000906190319000598437800000000000059843780200419000000000933323701011  000000000000000000000000000000000000000000000000000000000000000000000000000000000000000933300000000000000000000000000   200319             00000000000000                                                                  000128
102122445950001000000009034510032549PREGTIT28254209561633     000000000000598506470000000000000000000000000906190319000598506400000000000059850647200319000000000550010400960  000000000000000000000000000000000000000000000000000000000000000000000000000000000000000550000000000000000000000000000   200319             00000000000000                                                                  000129
102122445950001000000009034510032549PREGTIT28368688009563     0000000000005985314P000000000000000000000000090619031900059853140000000000005985314P190319000000001860023706544  000000000000000000000000000000000000000000000000000000000000000000000000000000000000001860000000000000000000000000000   200319             00000000000000                                                                  000130
102122445950001000000009034510032549PREGTIT28432465538808     0000000000005985474P000000000000000000000000090619031900059854740000000000005985474P190319000000003507204100031  000000000000000000000000000000000000000000000000000000000000000000000000000000000000003507200000000000000000000000000   200319             00000000000000                                                                  000131
102122445950001000000009034510032549PREGTIT28568143775256     0000000000005985586P000000000000000000000000090619031900059855860000000000005985586P200319000000000807310403753  000000000000000000000000000000000000000000000000000000000000000000000000000000000000000807300000000000000000000000000   200319             00000000000000                                                                  000132
102122445950001000000009034510032549PREGTIT28975521398749     000000000000598607740000000000000000000000000906190319000598607700000000000059860774160319000000001460003300809  000000000000000000000000000000000000000000000000000000000000000000000000000000000000001492200000000003220000000000000   200319             00000000000000                                                                  000133
102122445950001000000009034510032549PREGTIT29098996512794     000000000000598622970000000000000000000000000906190319000598622900000000000059862297150319000000006416700102600  000000000000000000000000000000000000000000000000000000000000000000000000000000000000006562200000000014550000000000000   200319             00000000000000                                                                  000134
102122445950001000000009034510032549PREGTIT30072095410968     000000000000598752910000000000000000000000000906190319000598752900000000000059875291200319000000000690010403252  000000000000000000000000000000000000000000000000000000000000000000000000000000000000000690000000000000000000000000000   200319             00000000000000                                                                  000135
102122445950001000000009034510032549PREGTIT30126161799455     000000000000598766460000000000000000000000000906190319000598766400000000000059876646190319000000000630034103811  000000000000000000000000000000000000000000000000000000000000000000000000000000000000000630000000000000000000000000000   200319             00000000000000                                                                  000136
102122445950001000000009034510032549PREGTIT25214477991142     0000000000005900858P000000000000000000000000090919031900059008580000000000005900858P100319000000001794023704150  000000000000000000000000000000000000000000000000000000000000000000000000000000000000000000000000000000000000000000000                          0000000000                                                                  000137
102122445950001000000009034510032549PREGTIT24099638299706     0000000000005918793P000000000000000000000000090919031900059187930000000000005918793P200219000000001080023704150  000000000000000000000000000000000000000000000000000000000000000000000000000000000000000000000000000000000000000000000                          0000000000                                                                  000138
102122445950001000000009034510032549PREGTIT24205221088818     000000000000592823980000000000000000000000000909190319000592823900000000000059282398230219000000001083323704150  000000000000000000000000000000000000000000000000000000000000000000000000000000000000000000000000000000000000000000000                          0000000000                                                                  000139
102122445950001000000009034510032549PREGTIT26407839707301     000000000000592882720000000000000000000000000909190319000592882700000000000059288272250319000000001187523704150  000000000000000000000000000000000000000000000000000000000000000000000000000000000000000000000000000000000000000000000                          0000000000                                                                  000140
102122445950001000000009034510032549PREGTIT25216321765151     000000000000594881150000000000000000000000000909190319000594881100000000000059488115100319000000001000023704150  000000000000000000000000000000000000000000000000000000000000000000000000000000000000000000000000000000000000000000000                          0000000000                                                                  000141
102122445950001000000009034510032549PREGTIT25219980929208     000000000000595099100000000000000000000000000909190319000595099100000000000059509910100319000000000800023704150  000000000000000000000000000000000000000000000000000000000000000000000000000000000000000000000000000000000000000000000                          0000000000                                                                  000142
102122445950001000000009034510032549PREGTIT25214861787478     000000000000595856920000000000000000000000000909190319000595856900000000000059585692100319000000000600023704150  000000000000000000000000000000000000000000000000000000000000000000000000000000000000000000000000000000000000000000000                          0000000000                                                                  000143
102122445950001000000009034510032549PREGTIT25324660702165     000000000000596815000000000000000000000000000909190319000596815000000000000059681500110319000000002770023704150  000000000000000000000000000000000000000000000000000000000000000000000000000000000000000000000000000000000000000000000                          0000000000                                                                  000144
102122445950001000000009034510032549PREGTIT24542250646269     000000000000596848010000000000000000000000000909190319000596848000000000000059684801280219000000005037523704150  000000000000000000000000000000000000000000000000000000000000000000000000000000000000000000000000000000000000000000000                          0000000000                                                                  000145
102122445950001000000009034510032549PREGTIT26732250646269     0000000000005968481P000000000000000000000000090919031900059684810000000000005968481P300319000000005037523704150  000000000000000000000000000000000000000000000000000000000000000000000000000000000000000000000000000000000000000000000                          0000000000                                                                  000146
102122445950001000000009034510032549PREGTIT25547314954917     000000000000596935920000000000000000000000000909190319000596935900000000000059693592150319000000005945023704150  000000000000000000000000000000000000000000000000000000000000000000000000000000000000000000000000000000000000000000000                          0000000000                                                                  000147
102122445950001000000009034510032549PREGTIT25184131190669     000000000000596980390000000000000000000000000909190319000596980300000000000059698039080319000000001416723704150  000000000000000000000000000000000000000000000000000000000000000000000000000000000000000000000000000000000000000000000                          0000000000                                                                  000148
102122445950001000000009034510032549PREGTIT25233805308908     000000000000596987640000000000000000000000000909190319000596987600000000000059698764100319000000001480023704150  000000000000000000000000000000000000000000000000000000000000000000000000000000000000000000000000000000000000000000000                          0000000000                                                                  000149
102122445950001000000009034510032549PREGTIT27592258713220     000000000000597898320000000000000000000000000909190319000597898300000000000059789832150319000000001883323704150  000000000000000000000000000000000000000000000000000000000000000000000000000000000000000000000000000000000000000000000                          0000000000                                                                  000150
102122445950001000000009034510032549PREGTIT28257511923271     000000000000598504340000000000000000000000000909190319000598504300000000000059850434200319000000002300023704150  000000000000000000000000000000000000000000000000000000000000000000000000000000000000000000000000000000000000000000000                          0000000000                                                                  000151
102122445950001000000009034510032549PREGTIT16666635768334     000000000000589808300000000000000000000000000910190319000589808300000000000058980830181118000000003333323700000  000000000000000000000000000000000000000000000000000000000000000000000000000000000000000000000000000000000000000000000                          1600000000                                                                  000152
102122445950001000000009034510032549PREGTIT16667188934969     0000000000005898240P000000000000000000000000091019031900058982400000000000005898240P181118000000001200023700000  000000000000000000000000000000000000000000000000000000000000000000000000000000000000000000000000000000000000000000000                          1600000000                                                                  000153
102122445950001000000009034510032549PREGTIT16664541687183     000000000000589861700000000000000000000000000910190319000589861700000000000058986170181118000000000790023700000  000000000000000000000000000000000000000000000000000000000000000000000000000000000000000000000000000000000000000000000                          1600000000                                                                  000154
102122445950001000000009034510032549PREGTIT16661357689806     000000000000590880440000000000000000000000000910190319000590880400000000000059088044181118000000002900023700000  000000000000000000000000000000000000000000000000000000000000000000000000000000000000000000000000000000000000000000000                          1600000000                                                                  000155
102122445950001000000009034510032549PREGTIT16666037211749     000000000000590884780000000000000000000000000910190319000590884700000000000059088478181118000000000393623700000  000000000000000000000000000000000000000000000000000000000000000000000000000000000000000000000000000000000000000000000                          1600000000                                                                  000156
102122445950001000000009034510032549PREGTIT16669851842063     000000000000590906500000000000000000000000000910190319000590906500000000000059090650181118000000000714323700000  000000000000000000000000000000000000000000000000000000000000000000000000000000000000000000000000000000000000000000000                          1600000000                                                                  000157
102122445950001000000009034510032549PREGTIT16669183892694     000000000000592801660000000000000000000000000910190319000592801600000000000059280166181118000000001687523700000  000000000000000000000000000000000000000000000000000000000000000000000000000000000000000000000000000000000000000000000                          1600000000                                                                  000158
102122445950001000000009034510032549PREGTIT16661807730131     0000000000005928191P000000000000000000000000091019031900059281910000000000005928191P181118000000001000023700000  000000000000000000000000000000000000000000000000000000000000000000000000000000000000000000000000000000000000000000000                          1600000000                                                                  000159
102122445950001000000009034510032549PREGTIT16663920099259     000000000000593790570000000000000000000000000910190319000593790500000000000059379057181118000000001500223700000  000000000000000000000000000000000000000000000000000000000000000000000000000000000000000000000000000000000000000000000                          1600000000                                                                  000160
102122445950001000000009034510032549PREGTIT16669636975261     000000000000593799280000000000000000000000000910190319000593799200000000000059379928181118000000001480023700000  000000000000000000000000000000000000000000000000000000000000000000000000000000000000000000000000000000000000000000000                          1600000000                                                                  000161
102122445950001000000009034510032549PREGTIT16663812566941     000000000000593799520000000000000000000000000910190319000593799500000000000059379952181118000000001000023700000  000000000000000000000000000000000000000000000000000000000000000000000000000000000000000000000000000000000000000000000                          1600000000                                                                  000162
102122445950001000000009034510032549PREGTIT17061622137634     000000000000593888110000000000000000000000000910190319000593888100000000000059388811181118000000000700023700000  000000000000000000000000000000000000000000000000000000000000000000000000000000000000000000000000000000000000000000000                          1600000000                                                                  000163
102122445950001000000009034510032549PREGTIT19005240658637     000000000000594795070000000000000000000000000910190319000594795000000000000059479507181118000000001250023700000  000000000000000000000000000000000000000000000000000000000000000000000000000000000000000000000000000000000000000000000                          1600000000                                                                  000164
102122445950001000000009034510032549PREGTIT19149531727068     000000000000594814630000000000000000000000000910190319000594814600000000000059481463181118000000001300023700000  000000000000000000000000000000000000000000000000000000000000000000000000000000000000000000000000000000000000000000000                          1600000000                                                                  000165
102122445950001000000009034510032549PREGTIT28712081595932     000000000000598573580000000000000000000000000914190319000598573500000000000059857358300319000000001950023700000  000000000000000000000000000000000000000000000000000000000000000000000000000000000000000000000000000000000000000000000                          0000000000                                                                  000166
102122445950001000000009034510032549P                         000000000000598437990000000000000000000000000917190319          00000000000059843799000000000000000933323701011  000000000000000000000000000000000000000000000000000000000000000000000000000000000000000933300000000000000000000000000   200319                 0000000000                                                                  000167
102122445950001000000009034510032549PREGTIT30674477991142     0000000000005900858P000000000000000000000000092719031900059008580000000000005900858P100319000000001794023700000  000000000000000000000000000000000000000000000000000000000000000000000000000000000000000000000000000000000000000000000                          6000000000                                                                  000168
102122445950001000000009034510032549PREGTIT30641692768976     000000000000591758770000000000000000000000000927190319000591758700000000000059175877200219000000000700023700000  000000000000000000000000000000000000000000000000000000000000000000000000000000000000000000000000000000000000000000000                          6000000000                                                                  000169
102122445950001000000009034510032549PREGTIT30699638299706     0000000000005918793P000000000000000000000000092719031900059187930000000000005918793P200219000000001080023700000  000000000000000000000000000000000000000000000000000000000000000000000000000000000000000000000000000000000000000000000                          6000000000                                                                  000170
102122445950001000000009034510032549PREGTIT30643666110481     000000000000592057760000000000000000000000000927190319000592057700000000000059205776150319000000002400023700000  000000000000000000000000000000000000000000000000000000000000000000000000000000000000000000000000000000000000000000000                          6000000000                                                                  000171
102122445950001000000009034510032549PREGTIT30642532118049     000000000000592762820000000000000000000000000927190319000592762800000000000059276282100319000000002290023700000  000000000000000000000000000000000000000000000000000000000000000000000000000000000000000000000000000000000000000000000                          6000000000                                                                  000172
102122445950001000000009034510032549PREGTIT30655221088818     000000000000592823980000000000000000000000000927190319000592823900000000000059282398230219000000001083323700000  000000000000000000000000000000000000000000000000000000000000000000000000000000000000000000000000000000000000000000000                          6000000000                                                                  000173
102122445950001000000009034510032549PREGTIT30687839707301     000000000000592882720000000000000000000000000927190319000592882700000000000059288272250319000000001187523700000  000000000000000000000000000000000000000000000000000000000000000000000000000000000000000000000000000000000000000000000                          6000000000                                                                  000174
102122445950001000000009034510032549PREGTIT30648591543291     0000000000005940289P000000000000000000000000092719031900059402890000000000005940289P100319000000001000023700000  000000000000000000000000000000000000000000000000000000000000000000000000000000000000000000000000000000000000000000000                          6000000000                                                                  000175
102122445950001000000009034510032549PREGTIT30644330981518     0000000000005947131P000000000000000000000000092719031900059471310000000000005947131P100319000000001050023700000  000000000000000000000000000000000000000000000000000000000000000000000000000000000000000000000000000000000000000000000                          6000000000                                                                  000176
102122445950001000000009034510032549PREGTIT30645696144592     000000000000594727580000000000000000000000000927190319000594727500000000000059472758100319000000000320823700000  000000000000000000000000000000000000000000000000000000000000000000000000000000000000000000000000000000000000000000000                          6000000000                                                                  000177
102122445950001000000009034510032549PREGTIT30736321765151     000000000000594881150000000000000000000000000927190319000594881100000000000059488115100319000000001000023700000  000000000000000000000000000000000000000000000000000000000000000000000000000000000000000000000000000000000000000000000                          6000000000                                                                  000178
102122445950001000000009034510032549PREGTIT30645743571408     000000000000594947780000000000000000000000000927190319000594947700000000000059494778250219000000001239023700000  000000000000000000000000000000000000000000000000000000000000000000000000000000000000000000000000000000000000000000000                          6000000000                                                                  000179
102122445950001000000009034510032549PREGTIT30739980929208     000000000000595099100000000000000000000000000927190319000595099100000000000059509910100319000000000800023700000  000000000000000000000000000000000000000000000000000000000000000000000000000000000000000000000000000000000000000000000                          6000000000                                                                  000180
102122445950001000000009034510032549PREGTIT30645153263720     000000000000595125630000000000000000000000000927190319000595125600000000000059512563010319000000001000023700000  000000000000000000000000000000000000000000000000000000000000000000000000000000000000000000000000000000000000000000000                          6000000000                                                                  000181
102122445950001000000009034510032549PREGTIT30674861787478     000000000000595856920000000000000000000000000927190319000595856900000000000059585692100319000000000600023700000  000000000000000000000000000000000000000000000000000000000000000000000000000000000000000000000000000000000000000000000                          6000000000                                                                  000182
102122445950001000000009034510032549PREGTIT30649559805140     000000000000595886160000000000000000000000000927190319000595886100000000000059588616280219000000000409523700000  000000000000000000000000000000000000000000000000000000000000000000000000000000000000000000000000000000000000000000000                          6000000000                                                                  000183
102122445950001000000009034510032549PREGTIT30647210859060     000000000000595964140000000000000000000000000927190319000595964100000000000059596414070319000000001750023700000  000000000000000000000000000000000000000000000000000000000000000000000000000000000000000000000000000000000000000000000                          6000000000                                                                  000184
102122445950001000000009034510032549PREGTIT30644551328826     000000000000596643470000000000000000000000000927190319000596643400000000000059664347150319000000001780023700000  000000000000000000000000000000000000000000000000000000000000000000000000000000000000000000000000000000000000000000000                          6000000000                                                                  000185
102122445950001000000009034510032549PREGTIT30641168885011     000000000000596781860000000000000000000000000927190319000596781800000000000059678186180319000000001220023700000  000000000000000000000000000000000000000000000000000000000000000000000000000000000000000000000000000000000000000000000                          6000000000                                                                  000186
102122445950001000000009034510032549PREGTIT30704660702165     000000000000596815000000000000000000000000000927190319000596815000000000000059681500110319000000002770023700000  000000000000000000000000000000000000000000000000000000000000000000000000000000000000000000000000000000000000000000000                          6000000000                                                                  000187
102122445950001000000009034510032549PREGTIT30645528814974     000000000000596847710000000000000000000000000927190319000596847700000000000059684771220319000000000396523700000  000000000000000000000000000000000000000000000000000000000000000000000000000000000000000000000000000000000000000000000                          6000000000                                                                  000188
102122445950001000000009034510032549PREGTIT30672250646269     000000000000596848010000000000000000000000000927190319000596848000000000000059684801280219000000005037523700000  000000000000000000000000000000000000000000000000000000000000000000000000000000000000000000000000000000000000000000000                          6000000000                                                                  000189
102122445950001000000009034510032549PREGTIT30672250646269     0000000000005968481P000000000000000000000000092719031900059684810000000000005968481P300319000000005037523700000  000000000000000000000000000000000000000000000000000000000000000000000000000000000000000000000000000000000000000000000                          6000000000                                                                  000190
102122445950001000000009034510032549PREGTIT30644304367212     000000000000596921110000000000000000000000000927190319000596921100000000000059692111100319000000000332323700000  000000000000000000000000000000000000000000000000000000000000000000000000000000000000000000000000000000000000000000000                          6000000000                                                                  000191
102122445950001000000009034510032549PREGTIT30737314954917     000000000000596935920000000000000000000000000927190319000596935900000000000059693592150319000000005945023700000  000000000000000000000000000000000000000000000000000000000000000000000000000000000000000000000000000000000000000000000                          6000000000                                                                  000192
102122445950001000000009034510032549PREGTIT30704131190669     000000000000596980390000000000000000000000000927190319000596980300000000000059698039080319000000001416723700000  000000000000000000000000000000000000000000000000000000000000000000000000000000000000000000000000000000000000000000000                          6000000000                                                                  000193
102122445950001000000009034510032549PREGTIT30693805308908     000000000000596987640000000000000000000000000927190319000596987600000000000059698764100319000000001480023700000  000000000000000000000000000000000000000000000000000000000000000000000000000000000000000000000000000000000000000000000                          6000000000                                                                  000194
102122445950001000000009034510032549PREGTIT30643526269731     000000000000597543620000000000000000000000000927190319000597543600000000000059754362140319000000000646523700000  000000000000000000000000000000000000000000000000000000000000000000000000000000000000000000000000000000000000000000000                          6000000000                                                                  000195
102122445950001000000009034510032549PREGTIT30646957569863     000000000000597544510000000000000000000000000927190319000597544500000000000059754451050319000000003480023700000  000000000000000000000000000000000000000000000000000000000000000000000000000000000000000000000000000000000000000000000                          6000000000                                                                  000196
102122445950001000000009034510032549PREGTIT30644910604444     000000000000597602730000000000000000000000000927190319000597602700000000000059760273170319000000001700023700000  000000000000000000000000000000000000000000000000000000000000000000000000000000000000000000000000000000000000000000000                          6000000000                                                                  000197
102122445950001000000009034510032549PREGTIT30646110091300     000000000000597612610000000000000000000000000927190319000597612600000000000059761261170319000000001489023700000  000000000000000000000000000000000000000000000000000000000000000000000000000000000000000000000000000000000000000000000                          6000000000                                                                  000198
102122445950001000000009034510032549PREGTIT30646819945983     000000000000597676770000000000000000000000000927190319000597676700000000000059767677100419000000005600023700000  000000000000000000000000000000000000000000000000000000000000000000000000000000000000000000000000000000000000000000000                          6000000000                                                                  000199
102122445950001000000009034510032549PREGTIT30646317463223     000000000000597796080000000000000000000000000927190319000597796000000000000059779608050319000000000529723700000  000000000000000000000000000000000000000000000000000000000000000000000000000000000000000000000000000000000000000000000                          6000000000                                                                  000200
102122445950001000000009034510032549PREGTIT30646317463223     000000000000597796160000000000000000000000000927190319000597796100000000000059779616050419000000000529723700000  000000000000000000000000000000000000000000000000000000000000000000000000000000000000000000000000000000000000000000000                          6000000000                                                                  000201
102122445950001000000009034510032549PREGTIT30646317463223     000000000000597796240000000000000000000000000927190319000597796200000000000059779624050519000000000529723700000  000000000000000000000000000000000000000000000000000000000000000000000000000000000000000000000000000000000000000000000                          6000000000                                                                  000202
102122445950001000000009034510032549PREGTIT30649831466815     000000000000597860350000000000000000000000000927190319000597860300000000000059786035100319000000000241023700000  000000000000000000000000000000000000000000000000000000000000000000000000000000000000000000000000000000000000000000000                          6000000000                                                                  000203
102122445950001000000009034510032549PREGTIT30732258713220     000000000000597898320000000000000000000000000927190319000597898300000000000059789832150319000000001883323700000  000000000000000000000000000000000000000000000000000000000000000000000000000000000000000000000000000000000000000000000                          6000000000                                                                  000204
102122445950001000000009034510032549PREGTIT30641275157559     000000000000598502800000000000000000000000000927190319000598502800000000000059850280150319000000001385523700000  000000000000000000000000000000000000000000000000000000000000000000000000000000000000000000000000000000000000000000000                          6000000000                                                                  000205
102122445950001000000009034510032549PREGTIT30667511923271     000000000000598504340000000000000000000000000927190319000598504300000000000059850434200319000000002300023700000  000000000000000000000000000000000000000000000000000000000000000000000000000000000000000000000000000000000000000000000                          6000000000                                                                  000206
102122445950001000000009034510032549PREGTIT30668864709374     000000000000598520110000000000000000000000000927190319000598520100000000000059852011180319000000002017523700000  000000000000000000000000000000000000000000000000000000000000000000000000000000000000000000000000000000000000000000000                          6000000000                                                                  000207
102122445950001000000009034510032549PREGTIT30642405450824     000000000000598536620000000000000000000000000927190319000598536600000000000059853662200319000000001350023700000  000000000000000000000000000000000000000000000000000000000000000000000000000000000000000000000000000000000000000000000                          6000000000                                                                  000208
102122445950001000000009034510032549PREGTIT30641586931182     000000000000598544720000000000000000000000000927190319000598544700000000000059854472190319000000001425023700000  000000000000000000000000000000000000000000000000000000000000000000000000000000000000000000000000000000000000000000000                          6000000000                                                                  000209
102122445950001000000009034510032549PREGTIT30644453649984     000000000000598551930000000000000000000000000927190319000598551900000000000059855193200319000000001700023700000  000000000000000000000000000000000000000000000000000000000000000000000000000000000000000000000000000000000000000000000                          6000000000                                                                  000210
102122445950001000000009034510032549PREGTIT30646950908994     000000000000598577140000000000000000000000000927190319000598577100000000000059857714220319000000002150023700000  000000000000000000000000000000000000000000000000000000000000000000000000000000000000000000000000000000000000000000000                          6000000000                                                                  000211
9201237          000120410000030557990900000606          00098000008509951000000772857000370000007644030002900000052663700000000000000000000010000000195000000000000000000000000000000000000                                                                                                                                                                              00000000000000000000000         000212
