02RETORNO01COBRANCA       00000000000004972103WC SISTEMAS E EQUIPAMENTOS DE 237BRADESCO       1803190160000000567                                                                                                                                                                                                                                                                          190319         000001
1020874591800017100000090345100240370REGTIT263499732763997    000000009000599353170000000000000000000000000902180319997327639900000000900059935317250319000000002397023704144  000000000014300000000000000000000000000000000000000000000000000000000000000000000000000000000000000000000000000000000                          0000000000                                                                  000002
1020874591800017100000090345100240370REGTIT2634997290993078   000000009000599353250000000000000000000000000902180319997290993000000000900059935325250319000000002397023704144  000000000014300000000000000000000000000000000000000000000000000000000000000000000000000000000000000000000000000000000                          0000000000                                                                  000003
1020874591800017100000090345100240370REGTIT2634996989139207   000000009000599353330000000000000000000000000902180319996989139200000000900059935333250319000000003147023704144  000000000014300000000000000000000000000000000000000000000000000000000000000000000000000000000000000000000000000000000                          0000000000                                                                  000004
1020874591800017100000090345100240370REGTIT26331903000073     000000000000598781420000000000000000000000000903180319190300007300000000000059878142290319000000000049523704144  000000000000000000000000000000000000000000000000000000000000000000000000000000000000000000000000000000000000000000000                          4600000000                                                                  000005
1020874591800017100000090345100240370REGTIT26331903000764     000000000000598782150000000000000000000000000903180319190300076400000000000059878215290319000000046820623704144  000000000000000000000000000000000000000000000000000000000000000000000000000000000000000000000000000000000000000000000                          4600000000                                                                  000006
1020874591800017100000090345100240370REGTIT20751812054171     000000000000596130410000000000000000000000000906180319181205417100000000000059613041281218000000003389074801321  000000000000000000000000000000000000000000000000000000000000000000000000000000000000003478500000000008950000000000000   190319078          00000000000000                                                                  000007
1020874591800017100000090345100240370REGTIT22981901054171     000000000000597089480000000000000000000000000906180319190105417100000000000059708948300119000000001844074801321  000000000000000000000000000000000000000000000000000000000000000000000000000000000000002012400000000016840000000000000   190319078          00000000000000                                                                  000008
1020874591800017100000090345100240370REGTIT22981901071188     000000000000597382510000000000000000000000000906180319190107118800000000000059738251300119000000000998010400379  000000000000000000000000000000000000000000000000000000000000000000000000000000000000001088400000000009040000000000000   190319078          00000000000000                                                                  000009
1020874591800017100000090345100240370REGTIT22981901071770     000000000000597422400000000000000000000000000906180319190107177000000000000059742240300119000000000998010400375  000000000000000000000000000000000000000000000000000000000000000000000000000000000000001088400000000009040000000000000   190319078          00000000000000                                                                  000010
1020874591800017100000090345100240370REGTIT22981901071843     000000000000597427630000000000000000000000000906180319190107184300000000000059742763300119000000001238023705755  000000000000000000000000000000000000000000000000000000000000000000000000000000000000001352000000000011400000000000000   190319066          00000000000000                                                                  000011
1020874591800017100000090345100240370REGTIT22981901072756     000000000000597503670000000000000000000000000906180319190107275600000000000059750367300119000000000998010401266  000000000000000000000000000000000000000000000000000000000000000000000000000000000000001088400000000009040000000000000   190319078          00000000000000                                                                  000012
1020874591800017100000090345100240370REGTIT24411902005292     000000000000597920860000000000000000000000000906180319190200529200000000000059792086280219000000002283603304293  000000000000000000000000000000000000000000000000000000000000000000000000000000000000002390400000000010680000000000000   190319078          00000000000000                                                                  000013
1020874591800017100000090345100240370REGTIT24411902032262     0000000000005979447P000000000000000000000000090618031919020322620000000000005979447P280219000000000964023702936  000000000000000000000000000000000000000000000000000000000000000000000000000000000000001008400000000004440000000000000   190319002          00000000000000                                                                  000014
1020874591800017100000090345100240370REGTIT24411902033556     000000000000597946660000000000000000000000000906180319190203355600000000000059794666280219000000002679934101557  000000000000000000000000000000000000000000000000000000000000000000000000000000000000002805400000000012550000000000000   190319078          00000000000000                                                                  000015
1020874591800017100000090345100240370REGTIT24411902039112     000000000000597952120000000000000000000000000906180319190203911200000000000059795212280219000000001298034106868  000000000000000000000000000000000000000000000000000000000000000000000000000000000000001358100000000006010000000000000   190319078          00000000000000                                                                  000016
1020874591800017100000090345100240370REGTIT24411902054171     000000000000597972660000000000000000000000000906180319190205417100000000000059797266280219000000001561074801321  000000000000000000000000000000000000000000000000000000000000000000000000000000000000001633600000000007260000000000000   190319078          00000000000000                                                                  000017
1020874591800017100000090345100240370REGTIT24411902058821     000000000000597983780000000000000000000000000906180319190205882100000000000059798378280219000000001828023703286  000000000000000000000000000000000000000000000000000000000000000000000000000000000000001913100000000008510000000000000   190319035          00000000000000                                                                  000018
1020874591800017100000090345100240370REGTIT24411902062549     0000000000005979996P000000000000000000000000090618031919020625490000000000005979996P280219000000003360734101669  000000000000000000000000000000000000000000000000000000000000000000000000000000000000003517900000000015720000000000000   190319078          00000000000000                                                                  000019
1020874591800017100000090345100240370REGTIT24411902063777     000000000000598012550000000000000000000000000906180319190206377700000000000059801255280219000000001535023706438  000000000000000000000000000000000000000000000000000000000000000000000000000000000000001607100000000007210000000000000   190319066          00000000000000                                                                  000020
1020874591800017100000090345100240370REGTIT24411902064227     000000000000598019050000000000000000000000000906180319190206422700000000000059801905280219000000001848010400383  000000000000000000000000000000000000000000000000000000000000000000000000000000000000001935300000000008730000000000000   190319078          00000000000000                                                                  000021
1020874591800017100000090345100240370REGTIT24411902064261     000000000000598019560000000000000000000000000906180319190206426100000000000059801956280219000000000998003304295  000000000000000000000000000000000000000000000000000000000000000000000000000000000000001044900000000004690000000000000   190319078          00000000000000                                                                  000022
1020874591800017100000090345100240370REGTIT24411902064993     000000000000598030530000000000000000000000000906180319190206499300000000000059803053280219000000001848010404227  000000000000000000000000000000000000000000000000000000000000000000000000000000000000001935300000000008730000000000000   190319078          00000000000000                                                                  000023
1020874591800017100000090345100240370REGTIT24411902066202     000000000000598069580000000000000000000000000906180319190206620200000000000059806958280219000000001449003304646  000000000000000000000000000000000000000000000000000000000000000000000000000000000000001517500000000006850000000000000   190319078          00000000000000                                                                  000024
1020874591800017100000090345100240370REGTIT24411902066930     000000000000598099490000000000000000000000000906180319190206693000000000000059809949280219000000001247034106663  000000000000000000000000000000000000000000000000000000000000000000000000000000000000001306100000000005910000000000000   190319078          00000000000000                                                                  000025
1020874591800017100000090345100240370REGTIT24411902067422     000000000000598120790000000000000000000000000906180319190206742200000000000059812079280219000000001241734103707  000000000000000000000000000000000000000000000000000000000000000000000000000000000000001300700000000005900000000000000   190319078          00000000000000                                                                  000026
1020874591800017100000090345100240370REGTIT24411902067451     000000000000598122220000000000000000000000000906180319190206745100000000000059812222280219000000001249034109282  000000000000000000000000000000000000000000000000000000000000000000000000000000000000001308100000000005910000000000000   190319078          00000000000000                                                                  000027
1020874591800017100000090345100240370REGTIT24411902067486     000000000000598123700000000000000000000000000906180319190206748600000000000059812370280219000000001598010403450  000000000000000000000000000000000000000000000000000000000000000000000000000000000000001673100000000007510000000000000   190319078          00000000000000                                                                  000028
1020874591800017100000090345100240370REGTIT24411902067503     000000000000598124430000000000000000000000000906180319190206750300000000000059812443280219000000000964023702936  000000000000000000000000000000000000000000000000000000000000000000000000000000000000001008400000000004440000000000000   190319002          00000000000000                                                                  000029
1020874591800017100000090345100240370REGTIT24411902067750     000000000000598133500000000000000000000000000906180319190206775000000000000059813350280219000000001399010404546  000000000000000000000000000000000000000000000000000000000000000000000000000000000000001464700000000006570000000000000   190319078          00000000000000                                                                  000030
1020874591800017100000090345100240370REGTIT24411902068114     000000000000598143650000000000000000000000000906180319190206811400000000000059814365280219000000000949034102774  000000000000000000000000000000000000000000000000000000000000000000000000000000000000000993100000000004410000000000000   190319078          00000000000000                                                                  000031
1020874591800017100000090345100240370REGTIT24411902068654     000000000000598160740000000000000000000000000906180319190206865400000000000059816074280219000000001149000100259  000000000000000000000000000000000000000000000000000000000000000000000000000000000000001202500000000005350000000000000   190319078          00000000000000                                                                  000032
1020874591800017100000090345100240370REGTIT24411902068712     000000000000598163090000000000000000000000000906180319190206871200000000000059816309280219000000001448003301064  000000000000000000000000000000000000000000000000000000000000000000000000000000000000001516500000000006850000000000000   190319078          00000000000000                                                                  000033
1020874591800017100000090345100240370REGTIT24411902069200     000000000000598177980000000000000000000000000906180319190206920000000000000059817798280219000000001106534102774  000000000000000000000000000000000000000000000000000000000000000000000000000000000000001159200000000005270000000000000   190319078          00000000000000                                                                  000034
1020874591800017100000090345100240370REGTIT24411902069361     000000000000598182390000000000000000000000000906180319190206936100000000000059818239280219000000001348034102774  000000000000000000000000000000000000000000000000000000000000000000000000000000000000001410900000000006290000000000000   190319078          00000000000000                                                                  000035
1020874591800017100000090345100240370REGTIT24411902069646     000000000000598191380000000000000000000000000906180319190206964600000000000059819138280219000000000949010403387  000000000000000000000000000000000000000000000000000000000000000000000000000000000000000993100000000004410000000000000   190319078          00000000000000                                                                  000036
1020874591800017100000090345100240370REGTIT24411902070007     000000000000598204460000000000000000000000000906180319190207000700000000000059820446280219000000001348010401861  000000000000000000000000000000000000000000000000000000000000000000000000000000000000001410900000000006290000000000000   190319078          00000000000000                                                                  000037
1020874591800017100000090345100240370REGTIT24411902070212     000000000000598213020000000000000000000000000906180319190207021200000000000059821302280219000000001348075604368  000000000000000000000000000000000000000000000000000000000000000000000000000000000000001410900000000006290000000000000   190319078          00000000000000                                                                  000038
1020874591800017100000090345100240370REGTIT24411902070564     000000000000598226430000000000000000000000000906180319190207056400000000000059822643280219000000001149023701008  000000000000000000000000000000000000000000000000000000000000000000000000000000000000001202500000000005350000000000000   190319035          00000000000000                                                                  000039
1020874591800017100000090345100240370REGTIT24411902070570     000000000000598226940000000000000000000000000906180319190207057000000000000059822694280219000000001149023702366  000000000000000000000000000000000000000000000000000000000000000000000000000000000000001202500000000005350000000000000   190319066          00000000000000                                                                  000040
1020874591800017100000090345100240370REGTIT24411902070820     000000000000598238440000000000000000000000000906180319190207082000000000000059823844280219000000000999034102947  000000000000000000000000000000000000000000000000000000000000000000000000000000000000001045900000000004690000000000000   190319078          00000000000000                                                                  000041
1020874591800017100000090345100240370REGTIT24411902070837     000000000000598239330000000000000000000000000906180319190207083700000000000059823933280219000000001348010401592  000000000000000000000000000000000000000000000000000000000000000000000000000000000000001410900000000006290000000000000   190319078          00000000000000                                                                  000042
1020874591800017100000090345100240370REGTIT24411902070939     000000000000598243600000000000000000000000000906180319190207093900000000000059824360280219000000001348010400017  000000000000000000000000000000000000000000000000000000000000000000000000000000000000001410900000000006290000000000000   190319078          00000000000000                                                                  000043
1020874591800017100000090345100240370REGTIT24411902071039     000000000000598249640000000000000000000000000906180319190207103900000000000059824964280219000000001348023700894  000000000000000000000000000000000000000000000000000000000000000000000000000000000000001410900000000006290000000000000   190319035          00000000000000                                                                  000044
1020874591800017100000090345100240370REGTIT24411902071116     000000000000598253400000000000000000000000000906180319190207111600000000000059825340280219000000000998075604368  000000000000000000000000000000000000000000000000000000000000000000000000000000000000001044900000000004690000000000000   190319078          00000000000000                                                                  000045
1020874591800017100000090345100240370REGTIT24411902071175     0000000000005982557P000000000000000000000000090618031919020711750000000000005982557P280219000000000650023705693  000000000000000000000000000000000000000000000000000000000000000000000000000000000000000681000000000003100000000000000   190319066          00000000000000                                                                  000046
1020874591800017100000090345100240370REGTIT24411902071188     000000000000598256690000000000000000000000000906180319190207118800000000000059825669280219000000000998010400379  000000000000000000000000000000000000000000000000000000000000000000000000000000000000001044900000000004690000000000000   190319078          00000000000000                                                                  000047
1020874591800017100000090345100240370REGTIT24411902071222     0000000000005982588P000000000000000000000000090618031919020712220000000000005982588P280219000000001060503303731  000000000000000000000000000000000000000000000000000000000000000000000000000000000000001110500000000005000000000000000   190319078          00000000000000                                                                  000048
1020874591800017100000090345100240370REGTIT24411902071239     000000000000598259790000000000000000000000000906180319190207123900000000000059825979280219000000000069023703285  000000000000000000000000000000000000000000000000000000000000000000000000000000000000000072100000000000310000000000000   190319035          00000000000000                                                                  000049
1020874591800017100000090345100240370REGTIT24411902071267     000000000000598261930000000000000000000000000906180319190207126700000000000059826193280219000000000998000105712  000000000000000000000000000000000000000000000000000000000000000000000000000000000000001044900000000004690000000000000   190319078          00000000000000                                                                  000050
1020874591800017100000090345100240370REGTIT24411902071420     000000000000598272460000000000000000000000000906180319190207142000000000000059827246280219000000000998074807374  000000000000000000000000000000000000000000000000000000000000000000000000000000000000001044900000000004690000000000000   190319078          00000000000000                                                                  000051
1020874591800017100000090345100240370REGTIT24411902071517     000000000000598278660000000000000000000000000906180319190207151700000000000059827866280219000000000799074807057  000000000000000000000000000000000000000000000000000000000000000000000000000000000000000836500000000003750000000000000   190319078          00000000000000                                                                  000052
1020874591800017100000090345100240370REGTIT24411902071572     000000000000598281880000000000000000000000000906180319190207157200000000000059828188280219000000000998074807222  000000000000000000000000000000000000000000000000000000000000000000000000000000000000001044900000000004690000000000000   190319078          00000000000000                                                                  000053
1020874591800017100000090345100240370REGTIT24411902071843     0000000000005982994P000000000000000000000000090618031919020718430000000000005982994P280219000000000998023705755  000000000000000000000000000000000000000000000000000000000000000000000000000000000000001044900000000004690000000000000   190319066          00000000000000                                                                  000054
1020874591800017100000090345100240370REGTIT24411902072039     000000000000598314480000000000000000000000000906180319190207203900000000000059831448280219000000000998010400369  000000000000000000000000000000000000000000000000000000000000000000000000000000000000001044900000000004690000000000000   190319078          00000000000000                                                                  000055
1020874591800017100000090345100240370REGTIT24411902072166     000000000000598323040000000000000000000000000906180319190207216600000000000059832304280219000000000998010403915  000000000000000000000000000000000000000000000000000000000000000000000000000000000000001044900000000004690000000000000   190319078          00000000000000                                                                  000056
1020874591800017100000090345100240370REGTIT24411902072235     000000000000598328190000000000000000000000000906180319190207223500000000000059832819280219000000001158034103811  000000000000000000000000000000000000000000000000000000000000000000000000000000000000001211700000000005370000000000000   190319078          00000000000000                                                                  000057
1020874591800017100000090345100240370REGTIT24411902072317     000000000000598334400000000000000000000000000906180319190207231700000000000059833440280219000000000799003302256  000000000000000000000000000000000000000000000000000000000000000000000000000000000000000836500000000003750000000000000   190319078          00000000000000                                                                  000058
1020874591800017100000090345100240370REGTIT24411902072396     000000000000598340640000000000000000000000000906180319190207239600000000000059834064280219000000000845023706584  000000000000000000000000000000000000000000000000000000000000000000000000000000000000000885300000000004030000000000000   190319035          00000000000000                                                                  000059
1020874591800017100000090345100240370REGTIT24411902072635     000000000000598359070000000000000000000000000906180319190207263500000000000059835907280219000000000998000101780  000000000000000000000000000000000000000000000000000000000000000000000000000000000000001044900000000004690000000000000   190319078          00000000000000                                                                  000060
1020874591800017100000090345100240370REGTIT24411902072756     000000000000598369620000000000000000000000000906180319190207275600000000000059836962280219000000000998010401266  000000000000000000000000000000000000000000000000000000000000000000000000000000000000001044900000000004690000000000000   190319078          00000000000000                                                                  000061
1020874591800017100000090345100240370REGTIT24411902072869     000000000000598380000000000000000000000000000906180319190207286900000000000059838000280219000000001035510403511  000000000000000000000000000000000000000000000000000000000000000000000000000000000000001085000000000004950000000000000   190319078          00000000000000                                                                  000062
1020874591800017100000090345100240370REGTIT24411902072969     000000000000598389490000000000000000000000000906180319190207296900000000000059838949280219000000000998063300001  000000000000000000000000000000000000000000000000000000000000000000000000000000000000001044900000000004690000000000000   190319078          00000000000000                                                                  000063
1020874591800017100000090345100240370REGTIT24411902073157     000000000000598406920000000000000000000000000906180319190207315700000000000059840692280219000000001349034105650  000000000000000000000000000000000000000000000000000000000000000000000000000000000000001411900000000006290000000000000   190319078          00000000000000                                                                  000064
1020874591800017100000090345100240370REGTIT26211903013393     0000000000005987936P000000000000000000000000090618031919030133930000000000005987936P290319000000002802123702722  000000000000000000000000000000000000000000000000000000000000000000000000000000000000002802100000000000000000000000000   190319074          00000000000000                                                                  000065
1020874591800017100000090345100240370REGTIT26211903066131     000000000000598925280000000000000000000000000906180319190306613100000000000059892528290319000000001748034107473  000000000000000000000000000000000000000000000000000000000000000000000000000000000000001748000000000000000000000000000   190319078          00000000000000                                                                  000066
1020874591800017100000090345100240370REGTIT26211903066522     000000000000598941210000000000000000000000000906180319190306652200000000000059894121290319000000001698010403510  000000000000000000000000000000000000000000000000000000000000000000000000000000000000001698000000000000000000000000000   190319078          00000000000000                                                                  000067
1020874591800017100000090345100240370REGTIT26211903066875     000000000000598954700000000000000000000000000906180319190306687500000000000059895470290319000000001199000102672  000000000000000000000000000000000000000000000000000000000000000000000000000000000000001199000000000000000000000000000   190319078          00000000000000                                                                  000068
1020874591800017100000090345100240370REGTIT26211903068190     000000000000599002960000000000000000000000000906180319190306819000000000000059900296290319000000001598000104314  000000000000000000000000000000000000000000000000000000000000000000000000000000000000001598000000000000000000000000000   190319078          00000000000000                                                                  000069
1020874591800017100000090345100240370REGTIT26211903068663     000000000000599018020000000000000000000000000906180319190306866300000000000059901802290319000000001448010400381  000000000000000000000000000000000000000000000000000000000000000000000000000000000000001448000000000000000000000000000   190319078          00000000000000                                                                  000070
1020874591800017100000090345100240370REGTIT26211903069549     000000000000599043640000000000000000000000000906180319190306954900000000000059904364290319000000003122323703258  000000000000000000000000000000000000000000000000000000000000000000000000000000000000003122300000000000000000000000000   190319035          00000000000000                                                                  000071
1020874591800017100000090345100240370REGTIT26211903071792     000000000000599146290000000000000000000000000906180319190307179200000000000059914629290319000000000998010400381  000000000000000000000000000000000000000000000000000000000000000000000000000000000000000998000000000000000000000000000   190319078          00000000000000                                                                  000072
1020874591800017100000090345100240370REGTIT26211903073318     0000000000005992635P000000000000000000000000090618031919030733180000000000005992635P290319000000000998003301220  000000000000000000000000000000000000000000000000000000000000000000000000000000000000000998000000000000000000000000000   190319078          00000000000000                                                                  000073
1020874591800017100000090345100240370REGTIT2279997084926735   000000009000596999900000000000000000000000000906180319997084926700000000900059699990160319000000001150203303731  000000000000000000000000000000000000000000000000000000000000000000000000000000000000001150200000000000000000000000000   190319078          00000000000000                                                                  000074
1020874591800017100000090345100240370REGTIT2313996979930129   000000009000597553350000000000000000000000000906180319996979930100000000900059755335170319000000002585434100879  000000000000000000000000000000000000000000000000000000000000000000000000000000000000002585400000000000000000000000000   190319078          00000000000000                                                                  000075
1020874591800017100000090345100240370REGTIT238199715995925    000000009000597705710000000000000000000000000906180319997159959200000000900059770571280219000000001597003300968  000000000000000000000000000000000000000000000000000000000000000000000000000000000000001672100000000007510000000000000   190319078          00000000000000                                                                  000076
1020874591800017100000090345100240370REGTIT2533997256259704   000000009000598576930000000000000000000000000906180319997256259700000000900059857693060319000000002397010401266  000000000000000000000000000000000000000000000000000000000000000000000000000000000000002488100000000009110000000000000   190319078          00000000000000                                                                  000077
1020874591800017100000090345100240370REGTIT2603997242423995   000000009000598677880000000000000000000000000906180319997242423900000000900059867788180319000000002397034103858  000000000000000000000000000000000000000000000000000000000000000000000000000000000000002397000000000000000000000000000   190319078          00000000000000                                                                  000078
1020874591800017100000090345100240370REGTIT2630997063781144   0000000090005993129P000000000000000000000000090618031999706378110000000090005993129P180319000000002022034103715  000000000000000000000000000000000000000000000000000000000000000000000000000000000000002022000000000000000000000000000   190319078          00000000000000                                                                  000079
1020874591800017100000090345100240370REGTIT2630997090862841   000000009000599313110000000000000000000000000906180319997090862800000000900059931311180319000000005392023700929  000000000000000000000000000000000000000000000000000000000000000000000000000000000000005392000000000000000000000000000   190319035          00000000000000                                                                  000080
1020874591800017100000090345100240370REGTIT263099712666891    000000009000599315240000000000000000000000000906180319997126668900000000900059931524150319000000002357710401266  000000000000000000000000000000000000000000000000000000000000000000000000000000000000002415300000000005760000000000000   190319078          00000000000000                                                                  000081
1020874591800017100000090345100240370REGTIT24411902067827     000000000000598136280000000000000000000000000912180319190206782700000000000059813628280219000000001598023704150  000000000000000000000000000000000000000000000000000000000000038310000000000000000000000000000000000000000000000000000                          0000000000                                                                  000082
1020874591800017100000090345100240370REGTIT26211903058474     000000000000598844440000000000000000000000000912180319190305847400000000000059884444290319000000001551823704150  000000000000000000000000000000000000000000000000000000000000047000000000000000000000000000000000000000000000000000000                          0000000000                                                                  000083
9201237          000069290000009965989600000567          00003000000079410000001139748000750000011005610000000000000000000000000000000000000000000000000000000200000003149800000000000000000                                                                                                                                                                              00000000000000000000000         000084
