02RETORNO01COBRANCA       00000000000004972103WC SISTEMAS E EQUIPAMENTOS DE 237BRADESCO       2203190160000000571                                                                                                                                                                                                                                                                          250319         000001
1020874591800017100000090345100240370REGTIT2648996742787462   000000009000599479780000000000000000000000000902220319996742787400000000900059947978250319000000002130623704144  000000000014300000000000000000000000000000000000000000000000000000000000000000000000000000000000000000000000000000000                          0000000000                                                                  000002
1020874591800017100000090345100240370REGTIT2648996742785143   000000009000599479860000000000000000000000000902220319996742785100000000900059947986250419000000002130623704144  000000000014300000000000000000000000000000000000000000000000000000000000000000000000000000000000000000000000000000000                          0000000000                                                                  000003
1020874591800017100000090345100240370REGTIT2648996742713052   000000009000599479940000000000000000000000000902220319996742713000000000900059947994250519000000002130623704144  000000000014300000000000000000000000000000000000000000000000000000000000000000000000000000000000000000000000000000000                          0000000000                                                                  000004
1020874591800017100000090345100240370REGTIT2648997265667843   0000000090005994801P000000000000000000000000090222031999726566780000000090005994801P250319000000001379423704144  000000000014300000000000000000000000000000000000000000000000000000000000000000000000000000000000000000000000000000000                          0000000000                                                                  000005
1020874591800017100000090345100240370REGTIT2648997265623106   000000009000599480280000000000000000000000000902220319997265623100000000900059948028250419000000001379423704144  000000000014300000000000000000000000000000000000000000000000000000000000000000000000000000000000000000000000000000000                          0000000000                                                                  000006
1020874591800017100000090345100240370REGTIT2648997265660549   000000009000599480360000000000000000000000000902220319997265660500000000900059948036250519000000001379423704144  000000000014300000000000000000000000000000000000000000000000000000000000000000000000000000000000000000000000000000000                          0000000000                                                                  000007
1020874591800017100000090345100240370REGTIT2648997276337738   000000009000599481680000000000000000000000000902220319997276337700000000900059948168250319000000004197023704144  000000000014300000000000000000000000000000000000000000000000000000000000000000000000000000000000000000000000000000000                          0000000000                                                                  000008
1020874591800017100000090345100240370REGTIT2648997276394970   000000009000599481760000000000000000000000000902220319997276394900000000900059948176250419000000004197023704144  000000000014300000000000000000000000000000000000000000000000000000000000000000000000000000000000000000000000000000000                          0000000000                                                                  000009
1020874591800017100000090345100240370REGTIT2648997276325566   000000009000599481840000000000000000000000000902220319997276325500000000900059948184250519000000004197023704144  000000000014300000000000000000000000000000000000000000000000000000000000000000000000000000000000000000000000000000000                          0000000000                                                                  000010
1020874591800017100000090345100240370REGTIT2648994829668735   000000009000599481920000000000000000000000000902220319994829668700000000900059948192290319000000003058623704144  000000000014300000000000000000000000000000000000000000000000000000000000000000000000000000000000000000000000000000000                          0000000000                                                                  000011
1020874591800017100000090345100240370REGTIT264899482967270    000000009000599482060000000000000000000000000902220319994829672700000000900059948206290419000000003058623704144  000000000014300000000000000000000000000000000000000000000000000000000000000000000000000000000000000000000000000000000                          0000000000                                                                  000012
1020874591800017100000090345100240370REGTIT2648994829690365   000000009000599482140000000000000000000000000902220319994829690300000000900059948214290519000000003058623704144  000000000014300000000000000000000000000000000000000000000000000000000000000000000000000000000000000000000000000000000                          0000000000                                                                  000013
1020874591800017100000090345100240370REGTIT2648996412128141   000000009000599483030000000000000000000000000902220319996412128100000000900059948303250319000000002447323704144  000000000014300000000000000000000000000000000000000000000000000000000000000000000000000000000000000000000000000000000                          0000000000                                                                  000014
1020874591800017100000090345100240370REGTIT2648996412151797   000000009000599483110000000000000000000000000902220319996412151700000000900059948311250419000000002447323704144  000000000014300000000000000000000000000000000000000000000000000000000000000000000000000000000000000000000000000000000                          0000000000                                                                  000015
1020874591800017100000090345100240370REGTIT2648996412187491   0000000090005994832P000000000000000000000000090222031999641218740000000090005994832P250519000000002447323704144  000000000014300000000000000000000000000000000000000000000000000000000000000000000000000000000000000000000000000000000                          0000000000                                                                  000016
1020874591800017100000090345100240370REGTIT2648996719793156   000000009000599483380000000000000000000000000902220319996719793100000000900059948338250319000000005792023704144  000000000014300000000000000000000000000000000000000000000000000000000000000000000000000000000000000000000000000000000                          0000000000                                                                  000017
1020874591800017100000090345100240370REGTIT2648997322722349   000000009000599483460000000000000000000000000902220319997322722300000000900059948346010419000000002397023704144  000000000014300000000000000000000000000000000000000000000000000000000000000000000000000000000000000000000000000000000                          7600000000                                                                  000018
1020874591800017100000090345100240370REGTIT2648997122283104   000000009000599483540000000000000000000000000902220319997122283100000000900059948354010419000000002397023704144  000000000014300000000000000000000000000000000000000000000000000000000000000000000000000000000000000000000000000000000                          7600000000                                                                  000019
1020874591800017100000090345100240370REGTIT2648996250162740   000000009000599483620000000000000000000000000902220319996250162700000000900059948362010419000000003897023704144  000000000014300000000000000000000000000000000000000000000000000000000000000000000000000000000000000000000000000000000                          0000000000                                                                  000020
1020874591800017100000090345100240370REGTIT2648997309922532   000000009000599483700000000000000000000000000902220319997309922500000000900059948370010419000000002397023704144  000000000014300000000000000000000000000000000000000000000000000000000000000000000000000000000000000000000000000000000                          0000000000                                                                  000021
1020874591800017100000090345100240370REGTIT2649996882450843   000000009000599508390000000000000000000000000902220319996882450800000000900059950839260319000000006564423704144  000000000014300000000000000000000000000000000000000000000000000000000000000000000000000000000000000000000000000000000                          0000000000                                                                  000022
1020874591800017100000090345100240370REGTIT264999728152528    000000009000599508470000000000000000000000000902220319997281525200000000900059950847260319000000004282623704144  000000000014300000000000000000000000000000000000000000000000000000000000000000000000000000000000000000000000000000000                          0000000000                                                                  000023
1020874591800017100000090345100240370REGTIT2649997098095110   000000009000599509520000000000000000000000000902220319997098095100000000900059950952250319000000001270623704157  000000000014300000000000000000000000000000000000000000000000000000000000000000000000000000000000000000000000000000000                          0000000000                                                                  000024
1020874591800017100000090345100240370REGTIT2649997098095884   000000009000599509600000000000000000000000000902220319997098095800000000900059950960200419000000001270623704157  000000000014300000000000000000000000000000000000000000000000000000000000000000000000000000000000000000000000000000000                          0000000000                                                                  000025
1020874591800017100000090345100240370REGTIT26461903000073     000000000000598781420000000000000000000000000903220319190300007300000000000059878142290319000000000049523704144  000000000000000000000000000000000000000000000000000000000000000000000000000000000000000000000000000000000000000000000                          4600000000                                                                  000026
1020874591800017100000090345100240370REGTIT26461903000764     000000000000598782150000000000000000000000000903220319190300076400000000000059878215290319000000046820623704144  000000000000000000000000000000000000000000000000000000000000000000000000000000000000000000000000000000000000000000000                          4600000000                                                                  000027
1020874591800017100000090345100240370REGTIT22981901071621     0000000000005974121P000000000000000000000000090622031919010716210000000000005974121P300119000000000998010403866  000000000000000000000000000000000000000000000000000000000000000000000000000000000000001094400000000009640000000000000   250319078          00000000000000                                                                  000028
1020874591800017100000090345100240370REGTIT24411902027499     000000000000597941350000000000000000000000000906220319190202749900000000000059794135280219000000001839010400569  000000000000000000000000000000000000000000000000000000000000000000000000000000000000001937300000000009830000000000000   250319078          00000000000000                                                                  000029
1020874591800017100000090345100240370REGTIT24411902039817     000000000000597952710000000000000000000000000906220319190203981700000000000059795271280219000000000849023706472  000000000000000000000000000000000000000000000000000000000000000000000000000000000000000894500000000004550000000000000   250319074          00000000000000                                                                  000030
1020874591800017100000090345100240370REGTIT24411902045519     000000000000597959720000000000000000000000000906220319190204551900000000000059795972280219000000001267510403915  000000000000000000000000000000000000000000000000000000000000000000000000000000000000001334600000000006710000000000000   250319078          00000000000000                                                                  000031
1020874591800017100000090345100240370REGTIT24411902053959     000000000000597972150000000000000000000000000906220319190205395900000000000059797215280219000000002397000104710  000000000000000000000000000000000000000000000000000000000000000000000000000000000000002524100000000012710000000000000   250319078          00000000000000                                                                  000032
1020874591800017100000090345100240370REGTIT24411902065155     000000000000598034870000000000000000000000000906220319190206515500000000000059803487280219000000001485803301921  000000000000000000000000000000000000000000000000000000000000000000000000000000000000001563900000000007810000000000000   250319078          00000000000000                                                                  000033
1020874591800017100000090345100240370REGTIT24411902065440     000000000000598043350000000000000000000000000906220319190206544000000000000059804335280219000000001748004100401  000000000000000000000000000000000000000000000000000000000000000000000000000000000000001840100000000009210000000000000   250319078          00000000000000                                                                  000034
1020874591800017100000090345100240370REGTIT24411902067151     000000000000598108740000000000000000000000000906220319190206715100000000000059810874280219000000001499010402864  000000000000000000000000000000000000000000000000000000000000000000000000000000000000001577300000000007830000000000000   250319078          00000000000000                                                                  000035
1020874591800017100000090345100240370REGTIT24411902067481     000000000000598123460000000000000000000000000906220319190206748100000000000059812346280219000000001598034102929  000000000000000000000000000000000000000000000000000000000000000000000000000000000000001682700000000008470000000000000   250319078          00000000000000                                                                  000036
1020874591800017100000090345100240370REGTIT24411902068553     000000000000598158170000000000000000000000000906220319190206855300000000000059815817280219000000001448010404395  000000000000000000000000000000000000000000000000000000000000000000000000000000000000001525300000000007730000000000000   250319078          00000000000000                                                                  000037
1020874591800017100000090345100240370REGTIT24411902069718     000000000000598194210000000000000000000000000906220319190206971800000000000059819421280219000000001348010400375  000000000000000000000000000000000000000000000000000000000000000000000000000000000000001418900000000007090000000000000   250319078          00000000000000                                                                  000038
1020874591800017100000090345100240370REGTIT24411902070208     000000000000598212720000000000000000000000000906220319190207020800000000000059821272280219000000001348010403915  000000000000000000000000000000000000000000000000000000000000000000000000000000000000001418900000000007090000000000000   250319078          00000000000000                                                                  000039
1020874591800017100000090345100240370REGTIT24411902071120     000000000000598253590000000000000000000000000906220319190207112000000000000059825359280219000000000799010403915  000000000000000000000000000000000000000000000000000000000000000000000000000000000000000841300000000004230000000000000   250319078          00000000000000                                                                  000040
1020874591800017100000090345100240370REGTIT24411902071621     0000000000005982851P000000000000000000000000090622031919020716210000000000005982851P280219000000000999210403866  000000000000000000000000000000000000000000000000000000000000000000000000000000000000001052100000000005290000000000000   250319078          00000000000000                                                                  000041
1020874591800017100000090345100240370REGTIT24411902071910     0000000000005983045P000000000000000000000000090622031919020719100000000000005983045P280219000000001007034102947  000000000000000000000000000000000000000000000000000000000000000000000000000000000000001060100000000005310000000000000   250319078          00000000000000                                                                  000042
1020874591800017100000090345100240370REGTIT24411902072065     000000000000598316420000000000000000000000000906220319190207206500000000000059831642280219000000000799075604368  000000000000000000000000000000000000000000000000000000000000000000000000000000000000000841300000000004230000000000000   250319078          00000000000000                                                                  000043
1020874591800017100000090345100240370REGTIT24411902072068     000000000000598316690000000000000000000000000906220319190207206800000000000059831669280219000000000998003301683  000000000000000000000000000000000000000000000000000000000000000000000000000000000000001050900000000005290000000000000   250319078          00000000000000                                                                  000044
1020874591800017100000090345100240370REGTIT24411902072420     000000000000598342340000000000000000000000000906220319190207242000000000000059834234280219000000000899034107367  000000000000000000000000000000000000000000000000000000000000000000000000000000000000000945500000000004650000000000000   250319078          00000000000000                                                                  000045
1020874591800017100000090345100240370REGTIT24411902072757     000000000000598369700000000000000000000000000906220319190207275700000000000059836970280219000000000998000102791  000000000000000000000000000000000000000000000000000000000000000000000000000000000000001050900000000005290000000000000   250319078          00000000000000                                                                  000046
1020874591800017100000090345100240370REGTIT24411902073166     000000000000598407650000000000000000000000000906220319190207316600000000000059840765280219000000000998010402863  000000000000000000000000000000000000000000000000000000000000000000000000000000000000001050900000000005290000000000000   250319078          00000000000000                                                                  000047
1020874591800017100000090345100240370REGTIT26211903007895     000000000000598788190000000000000000000000000906220319190300789500000000000059878819290319000000002650407000027  000000000000000000000000000000000000000000000000000000000000000000000000000000000000002650400000000000000000000000000   250319078          00000000000000                                                                  000048
1020874591800017100000090345100240370REGTIT26211903012834     000000000000598792700000000000000000000000000906220319190301283400000000000059879270290319000000003307134106208  000000000000000000000000000000000000000000000000000000000000000000000000000000000000003307100000000000000000000000000   250319078          00000000000000                                                                  000049
1020874591800017100000090345100240370REGTIT26211903019351     000000000000598798150000000000000000000000000906220319190301935100000000000059879815290319000000002696010400344  000000000000000000000000000000000000000000000000000000000000000000000000000000000000002696000000000000000000000000000   250319078          00000000000000                                                                  000050
1020874591800017100000090345100240370REGTIT26211903030570     000000000000598807590000000000000000000000000906220319190303057000000000000059880759290319000000001215503303311  000000000000000000000000000000000000000000000000000000000000000000000000000000000000001215500000000000000000000000000   250319078          00000000000000                                                                  000051
1020874591800017100000090345100240370REGTIT26211903040192     000000000000598816310000000000000000000000000906220319190304019200000000000059881631290319000000011654434106345  000000000000000000000000000000000000000000000000000000000000000000000000000000000000011654400000000000000000000000000   250319078          00000000000000                                                                  000052
1020874591800017100000090345100240370REGTIT26211903047176     000000000000598825140000000000000000000000000906220319190304717600000000000059882514290319000000001238074807435  000000000000000000000000000000000000000000000000000000000000000000000000000000000000001238000000000000000000000000000   250319078          00000000000000                                                                  000053
1020874591800017100000090345100240370REGTIT26211903056359     000000000000598839010000000000000000000000000906220319190305635900000000000059883901290319000000002776434107226  000000000000000000000000000000000000000000000000000000000000000000000000000000000000002776400000000000000000000000000   250319078          00000000000000                                                                  000054
1020874591800017100000090345100240370REGTIT26211903062260     000000000000598858150000000000000000000000000906220319190306226000000000000059885815290319000000001878000100352  000000000000000000000000000000000000000000000000000000000000000000000000000000000000001878000000000000000000000000000   250319078          00000000000000                                                                  000055
1020874591800017100000090345100240370REGTIT26211903062280     000000000000598858310000000000000000000000000906220319190306228000000000000059885831290319000000002294234108461  000000000000000000000000000000000000000000000000000000000000000000000000000000000000002294200000000000000000000000000   250319078          00000000000000                                                                  000056
1020874591800017100000090345100240370REGTIT26211903062843     000000000000598863310000000000000000000000000906220319190306284300000000000059886331290319000000001686775602359  000000000000000000000000000000000000000000000000000000000000000000000000000000000000001686700000000000000000000000000   250319078          00000000000000                                                                  000057
1020874591800017100000090345100240370REGTIT26211903063250     000000000000598867490000000000000000000000000906220319190306325000000000000059886749290319000000001299010403754  000000000000000000000000000000000000000000000000000000000000000000000000000000000000001299000000000000000000000000000   250319078          00000000000000                                                                  000058
1020874591800017100000090345100240370REGTIT26211903064760     000000000000598886950000000000000000000000000906220319190306476000000000000059888695290319000000001499010402525  000000000000000000000000000000000000000000000000000000000000000000000000000000000000001499000000000000000000000000000   250319078          00000000000000                                                                  000059
1020874591800017100000090345100240370REGTIT26211903065555     000000000000598906300000000000000000000000000906220319190306555500000000000059890630290319000000001748007000749  000000000000000000000000000000000000000000000000000000000000000000000000000000000000001748000000000000000000000000000   250319078          00000000000000                                                                  000060
1020874591800017100000090345100240370REGTIT26211903066525     000000000000598941560000000000000000000000000906220319190306652500000000000059894156290319000000001698010400406  000000000000000000000000000000000000000000000000000000000000000000000000000000000000001698000000000000000000000000000   250319078          00000000000000                                                                  000061
1020874591800017100000090345100240370REGTIT26211903066586     000000000000598943850000000000000000000000000906220319190306658600000000000059894385290319000000001448023700426  000000000000000000000000000000000000000000000000000000000000000000000000000000000000001448000000000000000000000000000   250319074          00000000000000                                                                  000062
1020874591800017100000090345100240370REGTIT26211903066587     000000000000598943930000000000000000000000000906220319190306658700000000000059894393290319000000001448023700426  000000000000000000000000000000000000000000000000000000000000000000000000000000000000001448000000000000000000000000000   250319074          00000000000000                                                                  000063
1020874591800017100000090345100240370REGTIT26211903067239     000000000000598970580000000000000000000000000906220319190306723900000000000059897058290319000000001229010401632  000000000000000000000000000000000000000000000000000000000000000000000000000000000000001229000000000000000000000000000   250319078          00000000000000                                                                  000064
1020874591800017100000090345100240370REGTIT26211903067569     000000000000598984530000000000000000000000000906220319190306756900000000000059898453290319000000002783000104720  000000000000000000000000000000000000000000000000000000000000000000000000000000000000002783000000000000000000000000000   250319078          00000000000000                                                                  000065
1020874591800017100000090345100240370REGTIT26211903068137     000000000000599001210000000000000000000000000906220319190306813700000000000059900121290319000000001598023706460  000000000000000000000000000000000000000000000000000000000000000000000000000000000000001598000000000000000000000000000   250319066          00000000000000                                                                  000066
1020874591800017100000090345100240370REGTIT26211903068185     000000000000599002880000000000000000000000000906220319190306818500000000000059900288290319000000001671023706021  000000000000000000000000000000000000000000000000000000000000000000000000000000000000001671000000000000000000000000000   250319035          00000000000000                                                                  000067
1020874591800017100000090345100240370REGTIT26211903068231     000000000000599004310000000000000000000000000906220319190306823100000000000059900431290319000000001499034100098  000000000000000000000000000000000000000000000000000000000000000000000000000000000000001499000000000000000000000000000   250319078          00000000000000                                                                  000068
1020874591800017100000090345100240370REGTIT26211903069304     000000000000599036510000000000000000000000000906220319190306930400000000000059903651290319000000001797823707789  000000000000000000000000000000000000000000000000000000000000000000000000000000000000001797800000000000000000000000000   250319035          00000000000000                                                                  000069
1020874591800017100000090345100240370REGTIT26211903069647     000000000000599047390000000000000000000000000906220319190306964700000000000059904739290319000000001348004100100  000000000000000000000000000000000000000000000000000000000000000000000000000000000000001348000000000000000000000000000   250319078          00000000000000                                                                  000070
1020874591800017100000090345100240370REGTIT26211903069762     000000000000599052040000000000000000000000000906220319190306976200000000000059905204290319000000001348010402864  000000000000000000000000000000000000000000000000000000000000000000000000000000000000001348000000000000000000000000000   250319078          00000000000000                                                                  000071
1020874591800017100000090345100240370REGTIT26211903069792     000000000000599053010000000000000000000000000906220319190306979200000000000059905301290319000000001049010400369  000000000000000000000000000000000000000000000000000000000000000000000000000000000000001049000000000000000000000000000   250319078          00000000000000                                                                  000072
1020874591800017100000090345100240370REGTIT26211903070127     000000000000599064560000000000000000000000000906220319190307012700000000000059906456290319000000001348023702069  000000000000000000000000000000000000000000000000000000000000000000000000000000000000001348000000000000000000000000000   250319002          00000000000000                                                                  000073
1020874591800017100000090345100240370REGTIT26211903070224     000000000000599068470000000000000000000000000906220319190307022400000000000059906847290319000000000999010401282  000000000000000000000000000000000000000000000000000000000000000000000000000000000000000999000000000000000000000000000   250319078          00000000000000                                                                  000074
1020874591800017100000090345100240370REGTIT26211903070245     000000000000599069280000000000000000000000000906220319190307024500000000000059906928290319000000001348010404508  000000000000000000000000000000000000000000000000000000000000000000000000000000000000001348000000000000000000000000000   250319078          00000000000000                                                                  000075
1020874591800017100000090345100240370REGTIT26211903070508     000000000000599078510000000000000000000000000906220319190307050800000000000059907851290319000000001098010401596  000000000000000000000000000000000000000000000000000000000000000000000000000000000000001098000000000000000000000000000   250319078          00000000000000                                                                  000076
1020874591800017100000090345100240370REGTIT26211903070715     000000000000599087690000000000000000000000000906220319190307071500000000000059908769290319000000001348034101656  000000000000000000000000000000000000000000000000000000000000000000000000000000000000001348000000000000000000000000000   250319078          00000000000000                                                                  000077
1020874591800017100000090345100240370REGTIT26211903070732     000000000000599088310000000000000000000000000906220319190307073200000000000059908831290319000000001098010403866  000000000000000000000000000000000000000000000000000000000000000000000000000000000000001098000000000000000000000000000   250319078          00000000000000                                                                  000078
1020874591800017100000090345100240370REGTIT26211903070846     000000000000599093230000000000000000000000000906220319190307084600000000000059909323290319000000001348010402918  000000000000000000000000000000000000000000000000000000000000000000000000000000000000001348000000000000000000000000000   250319078          00000000000000                                                                  000079
1020874591800017100000090345100240370REGTIT26211903070898     000000000000599095360000000000000000000000000906220319190307089800000000000059909536290319000000001098000104829  000000000000000000000000000000000000000000000000000000000000000000000000000000000000001098000000000000000000000000000   250319078          00000000000000                                                                  000080
1020874591800017100000090345100240370REGTIT26211903071963     000000000000599157810000000000000000000000000906220319190307196300000000000059915781290319000000000998023702933  000000000000000000000000000000000000000000000000000000000000000000000000000000000000000998000000000000000000000000000   250319002          00000000000000                                                                  000081
1020874591800017100000090345100240370REGTIT26211903072329     000000000000599182840000000000000000000000000906220319190307232900000000000059918284290319000000000799003303335  000000000000000000000000000000000000000000000000000000000000000000000000000000000000000799000000000000000000000000000   250319078          00000000000000                                                                  000082
1020874591800017100000090345100240370REGTIT26211903072378     000000000000599186320000000000000000000000000906220319190307237800000000000059918632290319000000001019004100028  000000000000000000000000000000000000000000000000000000000000000000000000000000000000001019000000000000000000000000000   250319078          00000000000000                                                                  000083
1020874591800017100000090345100240370REGTIT26211903072420     000000000000599189260000000000000000000000000906220319190307242000000000000059918926290319000000000899034107367  000000000000000000000000000000000000000000000000000000000000000000000000000000000000000899000000000000000000000000000   250319078          00000000000000                                                                  000084
1020874591800017100000090345100240370REGTIT26211903072456     000000000000599191400000000000000000000000000906220319190307245600000000000059919140290319000000000998000100630  000000000000000000000000000000000000000000000000000000000000000000000000000000000000000998000000000000000000000000000   250319078          00000000000000                                                                  000085
1020874591800017100000090345100240370REGTIT26211903072606     000000000000599202380000000000000000000000000906220319190307260600000000000059920238290319000000000799023701952  000000000000000000000000000000000000000000000000000000000000000000000000000000000000000799000000000000000000000000000   250319035          00000000000000                                                                  000086
1020874591800017100000090345100240370REGTIT26211903072632     000000000000599204080000000000000000000000000906220319190307263200000000000059920408290319000000000998034103822  000000000000000000000000000000000000000000000000000000000000000000000000000000000000000998000000000000000000000000000   250319078          00000000000000                                                                  000087
1020874591800017100000090345100240370REGTIT26211903072757     000000000000599214120000000000000000000000000906220319190307275700000000000059921412290319000000000998000102791  000000000000000000000000000000000000000000000000000000000000000000000000000000000000000998000000000000000000000000000   250319078          00000000000000                                                                  000088
1020874591800017100000090345100240370REGTIT26211903072901     000000000000599225670000000000000000000000000906220319190307290100000000000059922567290319000000000998013301042  000000000000000000000000000000000000000000000000000000000000000000000000000000000000000998000000000000000000000000000   250319078          00000000000000                                                                  000089
1020874591800017100000090345100240370REGTIT26211903072952     000000000000599230240000000000000000000000000906220319190307295200000000000059923024290319000000000998004100852  000000000000000000000000000000000000000000000000000000000000000000000000000000000000000998000000000000000000000000000   250319078          00000000000000                                                                  000090
1020874591800017100000090345100240370REGTIT26211903073033     0000000000005992375P000000000000000000000000090622031919030730330000000000005992375P290319000000000998010402864  000000000000000000000000000000000000000000000000000000000000000000000000000000000000000998000000000000000000000000000   250319078          00000000000000                                                                  000091
1020874591800017100000090345100240370REGTIT26211903073119     000000000000599245430000000000000000000000000906220319190307311900000000000059924543290319000000000998034109194  000000000000000000000000000000000000000000000000000000000000000000000000000000000000000998000000000000000000000000000   250319078          00000000000000                                                                  000092
1020874591800017100000090345100240370REGTIT26211903073123     000000000000599245780000000000000000000000000906220319190307312300000000000059924578290319000000000799010401282  000000000000000000000000000000000000000000000000000000000000000000000000000000000000000799000000000000000000000000000   250319078          00000000000000                                                                  000093
1020874591800017100000090345100240370REGTIT26211903073227     000000000000599255150000000000000000000000000906220319190307322700000000000059925515290319000000001010510400375  000000000000000000000000000000000000000000000000000000000000000000000000000000000000001010500000000000000000000000000   250319078          00000000000000                                                                  000094
1020874591800017100000090345100240370REGTIT26211903073329     000000000000599264650000000000000000000000000906220319190307332900000000000059926465290319000000000998010403397  000000000000000000000000000000000000000000000000000000000000000000000000000000000000000998000000000000000000000000000   250319078          00000000000000                                                                  000095
1020874591800017100000090345100240370REGTIT2369996854349487   000000009000597682670000000000000000000000000906220319996854349400000000900059768267220319000000001444110401398  000000000000000000000000000000000000000000000000000000000000000000000000000000000000001444100000000000000000000000000   250319078          00000000000000                                                                  000096
1020874591800017100000090345100240370REGTIT2498997306765425   000000009000598539490000000000000000000000000906220319997306765400000000900059853949250219000000002097075602091  000000000000000000000000000000000000000000000000000000000000000000000000000000000000002216400000000011940000000000000   250319078          00000000000000                                                                  000097
1020874591800017100000090345100240370REGTIT2500996420756105   000000009000598544490000000000000000000000000906220319996420756100000000900059854449210319000000001540710402997  000000000000000000000000000000000000000000000000000000000000000000000000000000000000001573800000000003310000000000000   250319078          00000000000000                                                                  000098
1020874591800017100000090345100240370REGTIT2617997220962750   0000000090005987718P000000000000000000000000090622031999722096270000000090005987718P220319000000002397000102803  000000000000000000000000000000000000000000000000000000000000000000000000000000000000002397000000000000000000000000000   250319078          00000000000000                                                                  000099
1020874591800017100000090345100240370REGTIT2637996701812640   000000009000599383400000000000000000000000000906220319996701812600000000900059938340280319000000003870034107367  000000000000000000000000000000000000000000000000000000000000000000000000000000000000003870000000000000000000000000000   250319078          00000000000000                                                                  000100
1020874591800017100000090345100240370REGTIT2641997057740813   000000009000599417910000000000000000000000000906220319997057740800000000900059941791210319000000001526403300809  000000000000000000000000000000000000000000000000000000000000000000000000000000000000001559200000000003280000000000000   250319078          00000000000000                                                                  000101
1020874591800017100000090345100240370REGTIT2648997322722349   000000009000599483460000000000000000000000000906220319997322722300000000900059948346010419000000002397010400375  000000000000000000000000000000000000000000000000000000000000000000000000000000000000002397000000000000000000000000000   250319078          00000000000000                                                                  000102
1020874591800017100000090345100240370REGTIT18811811066059     000000000000595311180000000000000000000000000909220319181106605900000000000059531118301118000000001748023704150  000000000000000000000000000000000000000000000000000000000000000000000000000000000000000000000000000000000000000000000                          0000000000                                                                  000103
1020874591800017100000090345100240370REGTIT18811811072412     0000000000005956346P000000000000000000000000090922031918110724120000000000005956346P301118000000001153023704150  000000000000000000000000000000000000000000000000000000000000000000000000000000000000000000000000000000000000000000000                          0000000000                                                                  000104
1020874591800017100000090345100240370REGTIT20751812008720     000000000000596079390000000000000000000000000909220319181200872000000000000059607939281218000000003392023704150  000000000000000000000000000000000000000000000000000000000000000000000000000000000000000000000000000000000000000000000                          0000000000                                                                  000105
1020874591800017100000090345100240370REGTIT20751812072412     000000000000596532050000000000000000000000000909220319181207241200000000000059653205281218000000000998023704150  000000000000000000000000000000000000000000000000000000000000000000000000000000000000000000000000000000000000000000000                          0000000000                                                                  000106
1020874591800017100000090345100240370REGTIT20751812072541     000000000000596543840000000000000000000000000909220319181207254100000000000059654384281218000000002079323704150  000000000000000000000000000000000000000000000000000000000000000000000000000000000000000000000000000000000000000000000                          0000000000                                                                  000107
1020874591800017100000090345100240370REGTIT22981901008720     000000000000597039890000000000000000000000000909220319190100872000000000000059703989300119000000001845523704150  000000000000000000000000000000000000000000000000000000000000000000000000000000000000000000000000000000000000000000000                          0000000000                                                                  000108
1020874591800017100000090345100240370REGTIT22981901066059     000000000000597181960000000000000000000000000909220319190106605900000000000059718196300119000000001748023704150  000000000000000000000000000000000000000000000000000000000000000000000000000000000000000000000000000000000000000000000                          0000000000                                                                  000109
1020874591800017100000090345100240370REGTIT22981901070676     000000000000597356510000000000000000000000000909220319190107067600000000000059735651300119000000001348023704150  000000000000000000000000000000000000000000000000000000000000000000000000000000000000000000000000000000000000000000000                          0000000000                                                                  000110
1020874591800017100000090345100240370REGTIT22981901072412     000000000000597473070000000000000000000000000909220319190107241200000000000059747307300119000000000998023704150  000000000000000000000000000000000000000000000000000000000000000000000000000000000000000000000000000000000000000000000                          0000000000                                                                  000111
1020874591800017100000090345100240370REGTIT22981901072541     000000000000597483620000000000000000000000000909220319190107254100000000000059748362300119000000001398023704150  000000000000000000000000000000000000000000000000000000000000000000000000000000000000000000000000000000000000000000000                          0000000000                                                                  000112
1020874591800017100000090345100240370REGTIT24411902008720     000000000000597924500000000000000000000000000909220319190200872000000000000059792450280219000000001845523704150  000000000000000000000000000000000000000000000000000000000000000000000000000000000000000000000000000000000000000000000                          0000000000                                                                  000113
1020874591800017100000090345100240370REGTIT24411902066059     000000000000598063380000000000000000000000000909220319190206605900000000000059806338280219000000001748023704150  000000000000000000000000000000000000000000000000000000000000000000000000000000000000000000000000000000000000000000000                          0000000000                                                                  000114
1020874591800017100000090345100240370REGTIT24411902070676     000000000000598232160000000000000000000000000909220319190207067600000000000059823216280219000000001348023704150  000000000000000000000000000000000000000000000000000000000000000000000000000000000000000000000000000000000000000000000                          0000000000                                                                  000115
1020874591800017100000090345100240370REGTIT24411902072412     000000000000598341880000000000000000000000000909220319190207241200000000000059834188280219000000000998023704150  000000000000000000000000000000000000000000000000000000000000000000000000000000000000000000000000000000000000000000000                          0000000000                                                                  000116
1020874591800017100000090345100240370REGTIT24411902072541     0000000000005983515P000000000000000000000000090922031919020725410000000000005983515P280219000000001398023704150  000000000000000000000000000000000000000000000000000000000000000000000000000000000000000000000000000000000000000000000                          0000000000                                                                  000117
1020874591800017100000090345100240370REGTIT26211903008720     000000000000598789080000000000000000000000000909220319190300872000000000000059878908290319000000001845523704150  000000000000000000000000000000000000000000000000000000000000000000000000000000000000000000000000000000000000000000000                          0000000000                                                                  000118
1020874591800017100000090345100240370REGTIT26211903066059     000000000000598922420000000000000000000000000909220319190306605900000000000059892242290319000000001748023704150  000000000000000000000000000000000000000000000000000000000000000000000000000000000000000000000000000000000000000000000                          0000000000                                                                  000119
1020874591800017100000090345100240370REGTIT26211903070676     000000000000599086020000000000000000000000000909220319190307067600000000000059908602290319000000001348023704150  000000000000000000000000000000000000000000000000000000000000000000000000000000000000000000000000000000000000000000000                          0000000000                                                                  000120
1020874591800017100000090345100240370REGTIT26211903072412     000000000000599188880000000000000000000000000909220319190307241200000000000059918888290319000000000998023704150  000000000000000000000000000000000000000000000000000000000000000000000000000000000000000000000000000000000000000000000                          0000000000                                                                  000121
1020874591800017100000090345100240370REGTIT26211903072541     000000000000599197440000000000000000000000000909220319190307254100000000000059919744290319000000001398023704150  000000000000000000000000000000000000000000000000000000000000000000000000000000000000000000000000000000000000000000000                          0000000000                                                                  000122
1020874591800017100000090345100240370REGTIT16601810068607     000000000000594397770000000000000000000000000910220319181006860700000000000059439777211118000000001249023700000  000000000000000000000000000000000000000000000000000000000000000000000000000000000000000000000000000000000000000000000                          1600000000                                                                  000123
1020874591800017100000090345100240370REGTIT24411902069228     000000000000598178440000000000000000000000000912220319190206922800000000000059817844280219000000001348023704150  000000000000000000000000000000000000000000000000000000000000034800000000000000000000000000000000000000000000000000000                          0000000000                                                                  000124
1020874591800017100000090345100240370REGTIT26211903069228     000000000000599034570000000000000000000000000912220319190306922800000000000059903457290319000000001348023704150  000000000000000000000000000000000000000000000000000000000000034800000000000000000000000000000000000000000000000000000                          0000000000                                                                  000125
1020874591800017100000090345100240370REGTIT26211903073384     000000000000599269610000000000000000000000000912220319190307338400000000000059926961290319000000000998023704150  000000000000000000000000000000000000000000000000000000000000019900000000000000000000000000000000000000000000000000000                          0000000000                                                                  000126
1020874591800017100000090345100240370REGTIT2649997098054143   000000009000598561150000000000000000000000000927220319997098054100000000900059856115200319000000001270623700000  000000000000000000000000000000000000000000000000000000000000000000000000000000000000000000000000000000000000000000000                          6000000000                                                                  000127
1020874591800017100000090345100240370REGTIT2649997098017545   000000009000598561230000000000000000000000000927220319997098017500000000900059856123200419000000001270623700000  000000000000000000000000000000000000000000000000000000000000000000000000000000000000000000000000000000000000000000000                          6000000000                                                                  000128
9201237          000066580000009623499600000571          00024000000699069000001210145000750000011944670002100000032631800000000000000000000000000000000000000300000003694000000000000000000                                                                                                                                                                              00000000000000000000000         000129
