02RETORNO01COBRANCA       00000000000004972103WC SISTEMAS E EQUIPAMENTOS DE 237BRADESCO       0803190160000000561                                                                                                                                                                                                                                                                          110319         000001
1020874591800017100000090345100240370REGTIT260399726749931    000000009000598677450000000000000000000000000902080319997267499300000000900059867745080319000000001500023704144  000000000014300000000000000000000000000000000000000000000000000000000000000000000000000000000000000000000000000000000                          0000000000                                                                  000002
1020874591800017100000090345100240370REGTIT2603996552162557   000000009000598677530000000000000000000000000902080319996552162500000000900059867753180319000000004347023704144  000000000014300000000000000000000000000000000000000000000000000000000000000000000000000000000000000000000000000000000                          0000000000                                                                  000003
1020874591800017100000090345100240370REGTIT260399713683501    000000009000598677610000000000000000000000000902080319997136835000000000900059867761080319000000001800023704144  000000000014300000000000000000000000000000000000000000000000000000000000000000000000000000000000000000000000000000000                          7600000000                                                                  000004
1020874591800017100000090345100240370REGTIT2603997091438980   0000000090005986777P000000000000000000000000090208031999709143890000000090005986777P110319000000002025023704144  000000000014300000000000000000000000000000000000000000000000000000000000000000000000000000000000000000000000000000000                          0000000000                                                                  000005
1020874591800017100000090345100240370REGTIT2603997242423995   000000009000598677880000000000000000000000000902080319997242423900000000900059867788180319000000002397023704144  000000000014300000000000000000000000000000000000000000000000000000000000000000000000000000000000000000000000000000000                          0000000000                                                                  000006
1020874591800017100000090345100240370REGTIT2603997323354530   000000009000598677960000000000000000000000000902080319997323354500000000900059867796180319000000001800023704144  000000000014300000000000000000000000000000000000000000000000000000000000000000000000000000000000000000000000000000000                          0000000000                                                                  000007
1020874591800017100000090345100240370REGTIT2603997205724401   0000000090005986780P000000000000000000000000090208031999720572440000000090005986780P180319000000002397023704144  000000000014300000000000000000000000000000000000000000000000000000000000000000000000000000000000000000000000000000000                          0000000000                                                                  000008
1020874591800017100000090345100240370REGTIT20751812069421     000000000000596353980000000000000000000000000906080319181206942100000000000059635398281218000000002597010400371  000000000000000000000000000000000000000000000000000000000000000000000000000000000000002921900000000032490000000000000   110319078          00000000000000                                                                  000009
1020874591800017100000090345100240370REGTIT22981901071120     000000000000597379210000000000000000000000000906080319190107112000000000000059737921300119000000000799010403915  000000000000000000000000000000000000000000000000000000000000000000000000000000000000000859300000000006030000000000000   110319078          00000000000000                                                                  000010
1020874591800017100000090345100240370REGTIT24411902005108     000000000000597920350000000000000000000000000906080319190200510800000000000059792035280219000000002109334106243  000000000000000000000000000000000000000000000000000000000000000000000000000000000000002177000000000006770000000000000   110319078          00000000000000                                                                  000011
1020874591800017100000090345100240370REGTIT24411902005641     000000000000597921400000000000000000000000000906080319190200564100000000000059792140280219000000001748003300968  000000000000000000000000000000000000000000000000000000000000000000000000000000000000001803700000000005570000000000000   110319078          00000000000000                                                                  000012
1020874591800017100000090345100240370REGTIT24411902016600     000000000000597931630000000000000000000000000906080319190201660000000000000059793163280219000000001368003300950  000000000000000000000000000000000000000000000000000000000000000000000000000000000000001412100000000004410000000000000   110319078          00000000000000                                                                  000013
1020874591800017100000090345100240370REGTIT24411902020148     000000000000597934490000000000000000000000000906080319190202014800000000000059793449280219000000001804010403124  000000000000000000000000000000000000000000000000000000000000000000000000000000000000001861600000000005760000000000000   110319078          00000000000000                                                                  000014
1020874591800017100000090345100240370REGTIT24411902022594     000000000000597936430000000000000000000000000906080319190202259400000000000059793643280219000000001548034103811  000000000000000000000000000000000000000000000000000000000000000000000000000000000000001597300000000004930000000000000   110319078          00000000000000                                                                  000015
1020874591800017100000090345100240370REGTIT24411902025729     000000000000597939530000000000000000000000000906080319190202572900000000000059793953280219000000000054034103811  000000000000000000000000000000000000000000000000000000000000000000000000000000000000000055800000000000180000000000000   110319078          00000000000000                                                                  000016
1020874591800017100000090345100240370REGTIT24411902027983     000000000000597941940000000000000000000000000906080319190202798300000000000059794194280219000000002149023700972  000000000000000000000000000000000000000000000000000000000000000000000000000000000000002217500000000006850000000000000   110319074          00000000000000                                                                  000017
1020874591800017100000090345100240370REGTIT24411902031610     000000000000597944370000000000000000000000000906080319190203161000000000000059794437280219000000001818910404010  000000000000000000000000000000000000000000000000000000000000000000000000000000000000001876800000000005790000000000000   110319078          00000000000000                                                                  000018
1020874591800017100000090345100240370REGTIT24411902032765     000000000000597945850000000000000000000000000906080319190203276500000000000059794585280219000000002425023703291  000000000000000000000000000000000000000000000000000000000000000000000000000000000000002502300000000007730000000000000   110319082          00000000000000                                                                  000019
1020874591800017100000090345100240370REGTIT24411902041110     0000000000005979545P000000000000000000000000090608031919020411100000000000005979545P280219000000002801734100542  000000000000000000000000000000000000000000000000000000000000000000000000000000000000002891300000000008960000000000000   110319078          00000000000000                                                                  000020
1020874591800017100000090345100240370REGTIT24411902048837     000000000000597963910000000000000000000000000906080319190204883700000000000059796391280219000000001839003300823  000000000000000000000000000000000000000000000000000000000000000000000000000000000000001898100000000005910000000000000   110319078          00000000000000                                                                  000021
1020874591800017100000090345100240370REGTIT24411902051918     000000000000597968390000000000000000000000000906080319190205191800000000000059796839280219000000001914063300001  000000000000000000000000000000000000000000000000000000000000000000000000000000000000001975400000000006140000000000000   110319078          00000000000000                                                                  000022
1020874591800017100000090345100240370REGTIT24411902052967     000000000000597970450000000000000000000000000906080319190205296700000000000059797045280219000000002277410400384  000000000000000000000000000000000000000000000000000000000000000000000000000000000000002350100000000007270000000000000   110319078          00000000000000                                                                  000023
1020874591800017100000090345100240370REGTIT24411902055088     000000000000597974280000000000000000000000000906080319190205508800000000000059797428280219000000001844023701281  000000000000000000000000000000000000000000000000000000000000000000000000000000000000001903200000000005920000000000000   110319082          00000000000000                                                                  000024
1020874591800017100000090345100240370REGTIT24411902057607     000000000000597978940000000000000000000000000906080319190205760700000000000059797894280219000000001328003302190  000000000000000000000000000000000000000000000000000000000000000000000000000000000000001370500000000004250000000000000   110319078          00000000000000                                                                  000025
1020874591800017100000090345100240370REGTIT24411902058005     000000000000597980090000000000000000000000000906080319190205800500000000000059798009280219000000001678010401075  000000000000000000000000000000000000000000000000000000000000000000000000000000000000001731500000000005350000000000000   110319078          00000000000000                                                                  000026
1020874591800017100000090345100240370REGTIT24411902058863     000000000000597984080000000000000000000000000906080319190205886300000000000059798408280219000000001098034106383  000000000000000000000000000000000000000000000000000000000000000000000000000000000000001132700000000003470000000000000   110319078          00000000000000                                                                  000027
1020874591800017100000090345100240370REGTIT24411902061811     0000000000005979948P000000000000000000000000090608031919020618110000000000005979948P280219000000001549023705815  000000000000000000000000000000000000000000000000000000000000000000000000000000000000001598300000000004930000000000000   110319082          00000000000000                                                                  000028
1020874591800017100000090345100240370REGTIT24411902062139     0000000000005979965P000000000000000000000000090608031919020621390000000000005979965P280219000000002865010403733  000000000000000000000000000000000000000000000000000000000000000000000000000000000000002956700000000009170000000000000   110319078          00000000000000                                                                  000029
1020874591800017100000090345100240370REGTIT24411902062503     000000000000597999430000000000000000000000000906080319190206250300000000000059799943280219000000001878034104042  000000000000000000000000000000000000000000000000000000000000000000000000000000000000001937900000000005990000000000000   110319078          00000000000000                                                                  000030
1020874591800017100000090345100240370REGTIT24411902062806     000000000000598002320000000000000000000000000906080319190206280600000000000059800232280219000000001878010401318  000000000000000000000000000000000000000000000000000000000000000000000000000000000000001937900000000005990000000000000   110319078          00000000000000                                                                  000031
1020874591800017100000090345100240370REGTIT24411902064166     000000000000598018160000000000000000000000000906080319190206416600000000000059801816280219000000001856010402919  000000000000000000000000000000000000000000000000000000000000000000000000000000000000001915500000000005950000000000000   110319078          00000000000000                                                                  000032
1020874591800017100000090345100240370REGTIT24411902064647     000000000000598024800000000000000000000000000906080319190206464700000000000059802480280219000000000867934106868  000000000000000000000000000000000000000000000000000000000000000000000000000000000000000895600000000002770000000000000   110319078          00000000000000                                                                  000033
1020874591800017100000090345100240370REGTIT24411902065164     000000000000598035090000000000000000000000000906080319190206516400000000000059803509280219000000001817003302190  000000000000000000000000000000000000000000000000000000000000000000000000000000000000001874900000000005790000000000000   110319078          00000000000000                                                                  000034
1020874591800017100000090345100240370REGTIT24411902065171     000000000000598035330000000000000000000000000906080319190206517100000000000059803533280219000000012400923700482  000000000000000000000000000000000000000000000000000000000000000000000000000000000000012797700000000039680000000000000   110319074          00000000000000                                                                  000035
1020874591800017100000090345100240370REGTIT24411902065371     000000000000598041490000000000000000000000000906080319190206537100000000000059804149280219000000001824003304563  000000000000000000000000000000000000000000000000000000000000000000000000000000000000001882000000000005800000000000000   110319078          00000000000000                                                                  000036
1020874591800017100000090345100240370REGTIT24411902065402     000000000000598042460000000000000000000000000906080319190206540200000000000059804246280219000000001569010401282  000000000000000000000000000000000000000000000000000000000000000000000000000000000000001619500000000005050000000000000   110319078          00000000000000                                                                  000037
1020874591800017100000090345100240370REGTIT24411902065702     000000000000598050720000000000000000000000000906080319190206570200000000000059805072280219000000001748010401266  000000000000000000000000000000000000000000000000000000000000000000000000000000000000001803700000000005570000000000000   110319078          00000000000000                                                                  000038
1020874591800017100000090345100240370REGTIT24411902065937     000000000000598059510000000000000000000000000906080319190206593700000000000059805951280219000000001748034101444  000000000000000000000000000000000000000000000000000000000000000000000000000000000000001803700000000005570000000000000   110319078          00000000000000                                                                  000039
1020874591800017100000090345100240370REGTIT24411902065991     000000000000598061090000000000000000000000000906080319190206599100000000000059806109280219000000001199000104720  000000000000000000000000000000000000000000000000000000000000000000000000000000000000001237300000000003830000000000000   110319078          00000000000000                                                                  000040
1020874591800017100000090345100240370REGTIT24411902066082     000000000000598064350000000000000000000000000906080319190206608200000000000059806435280219000000001971503300810  000000000000000000000000000000000000000000000000000000000000000000000000000000000000002034900000000006340000000000000   110319078          00000000000000                                                                  000041
1020874591800017100000090345100240370REGTIT24411902066090     000000000000598064780000000000000000000000000906080319190206609000000000000059806478280219000000001748034107285  000000000000000000000000000000000000000000000000000000000000000000000000000000000000001803700000000005570000000000000   110319078          00000000000000                                                                  000042
1020874591800017100000090345100240370REGTIT24411902066287     000000000000598072880000000000000000000000000906080319190206628700000000000059807288280219000000001698034100941  000000000000000000000000000000000000000000000000000000000000000000000000000000000000001751900000000005390000000000000   110319078          00000000000000                                                                  000043
1020874591800017100000090345100240370REGTIT24411902066398     000000000000598076440000000000000000000000000906080319190206639800000000000059807644280219000000001499010401631  000000000000000000000000000000000000000000000000000000000000000000000000000000000000001546500000000004750000000000000   110319078          00000000000000                                                                  000044
1020874591800017100000090345100240370REGTIT24411902066404     000000000000598076870000000000000000000000000906080319190206640400000000000059807687280219000000001383334101325  000000000000000000000000000000000000000000000000000000000000000000000000000000000000001427700000000004440000000000000   110319078          00000000000000                                                                  000045
1020874591800017100000090345100240370REGTIT24411902066601     000000000000598085510000000000000000000000000906080319190206660100000000000059808551280219000000001369010401148  000000000000000000000000000000000000000000000000000000000000000000000000000000000000001413100000000004410000000000000   110319078          00000000000000                                                                  000046
1020874591800017100000090345100240370REGTIT24411902066624     000000000000598086670000000000000000000000000906080319190206662400000000000059808667280219000000001548004100165  000000000000000000000000000000000000000000000000000000000000000000000000000000000000001597300000000004930000000000000   110319078          00000000000000                                                                  000047
1020874591800017100000090345100240370REGTIT24411902066665     000000000000598088370000000000000000000000000906080319190206666500000000000059808837280219000000001399010403322  000000000000000000000000000000000000000000000000000000000000000000000000000000000000001443700000000004470000000000000   110319078          00000000000000                                                                  000048
1020874591800017100000090345100240370REGTIT24411902066713     000000000000598090940000000000000000000000000906080319190206671300000000000059809094280219000000001448010400386  000000000000000000000000000000000000000000000000000000000000000000000000000000000000001494500000000004650000000000000   110319078          00000000000000                                                                  000049
1020874591800017100000090345100240370REGTIT24411902066802     0000000000005980937P000000000000000000000000090608031919020668020000000000005980937P280219000000001698034106896  000000000000000000000000000000000000000000000000000000000000000000000000000000000000001751900000000005390000000000000   110319078          00000000000000                                                                  000050
1020874591800017100000090345100240370REGTIT24411902066895     000000000000598097440000000000000000000000000906080319190206689500000000000059809744280219000000002180310403492  000000000000000000000000000000000000000000000000000000000000000000000000000000000000002250300000000007000000000000000   110319078          00000000000000                                                                  000051
1020874591800017100000090345100240370REGTIT24411902066952     000000000000598100330000000000000000000000000906080319190206695200000000000059810033280219000000001698010403714  000000000000000000000000000000000000000000000000000000000000000000000000000000000000001751900000000005390000000000000   110319078          00000000000000                                                                  000052
1020874591800017100000090345100240370REGTIT24411902066998     000000000000598102380000000000000000000000000906080319190206699800000000000059810238280219000000001698034106896  000000000000000000000000000000000000000000000000000000000000000000000000000000000000001751900000000005390000000000000   110319078          00000000000000                                                                  000053
1020874591800017100000090345100240370REGTIT24411902067001     000000000000598102620000000000000000000000000906080319190206700100000000000059810262280219000000001349074807017  000000000000000000000000000000000000000000000000000000000000000000000000000000000000001391900000000004290000000000000   110319078          00000000000000                                                                  000054
1020874591800017100000090345100240370REGTIT24411902067049     000000000000598104830000000000000000000000000906080319190206704900000000000059810483280219000000001309010403866  000000000000000000000000000000000000000000000000000000000000000000000000000000000000001351100000000004210000000000000   110319078          00000000000000                                                                  000055
1020874591800017100000090345100240370REGTIT24411902067058     000000000000598105480000000000000000000000000906080319190206705800000000000059810548280219000000001400034106621  000000000000000000000000000000000000000000000000000000000000000000000000000000000000001444800000000004480000000000000   110319078          00000000000000                                                                  000056
1020874591800017100000090345100240370REGTIT24411902067122     000000000000598108230000000000000000000000000906080319190206712200000000000059810823280219000000001698010403414  000000000000000000000000000000000000000000000000000000000000000000000000000000000000001751900000000005390000000000000   110319078          00000000000000                                                                  000057
1020874591800017100000090345100240370REGTIT24411902067169     000000000000598109550000000000000000000000000906080319190206716900000000000059810955280219000000001548034106868  000000000000000000000000000000000000000000000000000000000000000000000000000000000000001597300000000004930000000000000   110319078          00000000000000                                                                  000058
1020874591800017100000090345100240370REGTIT24411902067270     000000000000598114390000000000000000000000000906080319190206727000000000000059811439280219000000001448003304646  000000000000000000000000000000000000000000000000000000000000000000000000000000000000001494500000000004650000000000000   110319078          00000000000000                                                                  000059
1020874591800017100000090345100240370REGTIT24411902067272     000000000000598114470000000000000000000000000906080319190206727200000000000059811447280219000000000939003301552  000000000000000000000000000000000000000000000000000000000000000000000000000000000000000968900000000002990000000000000   110319078          00000000000000                                                                  000060
1020874591800017100000090345100240370REGTIT24411902067274     000000000000598114550000000000000000000000000906080319190206727400000000000059811455280219000000001399000102456  000000000000000000000000000000000000000000000000000000000000000000000000000000000000001443700000000004470000000000000   110319078          00000000000000                                                                  000061
1020874591800017100000090345100240370REGTIT24411902067430     000000000000598121330000000000000000000000000906080319190206743000000000000059812133280219000000001598023705816  000000000000000000000000000000000000000000000000000000000000000000000000000000000000001649100000000005110000000000000   110319082          00000000000000                                                                  000062
1020874591800017100000090345100240370REGTIT24411902067553     0000000000005981263P000000000000000000000000090608031919020675530000000000005981263P280219000000001282200101244  000000000000000000000000000000000000000000000000000000000000000000000000000000000000001323000000000004080000000000000   110319078          00000000000000                                                                  000063
1020874591800017100000090345100240370REGTIT24411902067559     000000000000598126560000000000000000000000000906080319190206755900000000000059812656280219000000001018210402974  000000000000000000000000000000000000000000000000000000000000000000000000000000000000001050500000000003230000000000000   110319078          00000000000000                                                                  000064
1020874591800017100000090345100240370REGTIT24411902067608     000000000000598128930000000000000000000000000906080319190206760800000000000059812893280219000000000799034105956  000000000000000000000000000000000000000000000000000000000000000000000000000000000000000824500000000002550000000000000   110319078          00000000000000                                                                  000065
1020874591800017100000090345100240370REGTIT24411902067614     000000000000598129150000000000000000000000000906080319190206761400000000000059812915280219000000001853923705816  000000000000000000000000000000000000000000000000000000000000000000000000000000000000001913300000000005940000000000000   110319035          00000000000000                                                                  000066
1020874591800017100000090345100240370REGTIT24411902067690     000000000000598131800000000000000000000000000906080319190206769000000000000059813180280219000000002052910402863  000000000000000000000000000000000000000000000000000000000000000000000000000000000000002118700000000006580000000000000   110319078          00000000000000                                                                  000067
1020874591800017100000090345100240370REGTIT24411902067967     0000000000005981389P000000000000000000000000090608031919020679670000000000005981389P280219000000001598010401282  000000000000000000000000000000000000000000000000000000000000000000000000000000000000001649100000000005110000000000000   110319078          00000000000000                                                                  000068
1020874591800017100000090345100240370REGTIT24411902068282     000000000000598149340000000000000000000000000906080319190206828200000000000059814934280219000000001516910400393  000000000000000000000000000000000000000000000000000000000000000000000000000000000000001565600000000004870000000000000   110319078          00000000000000                                                                  000069
1020874591800017100000090345100240370REGTIT24411902068467     000000000000598155230000000000000000000000000906080319190206846700000000000059815523280219000000001149074807222  000000000000000000000000000000000000000000000000000000000000000000000000000000000000001185500000000003650000000000000   110319078          00000000000000                                                                  000070
1020874591800017100000090345100240370REGTIT24411902068468     000000000000598155310000000000000000000000000906080319190206846800000000000059815531280219000000001448003301548  000000000000000000000000000000000000000000000000000000000000000000000000000000000000001494500000000004650000000000000   110319078          00000000000000                                                                  000071
1020874591800017100000090345100240370REGTIT24411902068550     000000000000598157950000000000000000000000000906080319190206855000000000000059815795280219000000001009010403414  000000000000000000000000000000000000000000000000000000000000000000000000000000000000001041100000000003210000000000000   110319078          00000000000000                                                                  000072
1020874591800017100000090345100240370REGTIT24411902069002     000000000000598170890000000000000000000000000906080319190206900200000000000059817089280219000000001098034105954  000000000000000000000000000000000000000000000000000000000000000000000000000000000000001132700000000003470000000000000   110319078          00000000000000                                                                  000073
1020874591800017100000090345100240370REGTIT24411902069178     000000000000598177040000000000000000000000000906080319190206917800000000000059817704280219000000001448003304295  000000000000000000000000000000000000000000000000000000000000000000000000000000000000001494500000000004650000000000000   110319078          00000000000000                                                                  000074
1020874591800017100000090345100240370REGTIT24411902069387     000000000000598183010000000000000000000000000906080319190206938700000000000059818301280219000000001348034107911  000000000000000000000000000000000000000000000000000000000000000000000000000000000000001390900000000004290000000000000   110319078          00000000000000                                                                  000075
1020874591800017100000090345100240370REGTIT24411902069390     0000000000005981831P000000000000000000000000090608031919020693900000000000005981831P280219000000001198023702762  000000000000000000000000000000000000000000000000000000000000000000000000000000000000001236300000000003830000000000000   110319082          00000000000000                                                                  000076
1020874591800017100000090345100240370REGTIT24411902069582     000000000000598189210000000000000000000000000906080319190206958200000000000059818921280219000000001448023700432  000000000000000000000000000000000000000000000000000000000000000000000000000000000000001494500000000004650000000000000   110319035          00000000000000                                                                  000077
1020874591800017100000090345100240370REGTIT24411902069627     0000000000005981909P000000000000000000000000090608031919020696270000000000005981909P280219000000001348003300849  000000000000000000000000000000000000000000000000000000000000000000000000000000000000001390900000000004290000000000000   110319078          00000000000000                                                                  000078
1020874591800017100000090345100240370REGTIT24411902069660     000000000000598191970000000000000000000000000906080319190206966000000000000059819197280219000000001348034108616  000000000000000000000000000000000000000000000000000000000000000000000000000000000000001390900000000004290000000000000   110319078          00000000000000                                                                  000079
1020874591800017100000090345100240370REGTIT24411902069705     000000000000598193590000000000000000000000000906080319190206970500000000000059819359280219000000001033303302167  000000000000000000000000000000000000000000000000000000000000000000000000000000000000001065900000000003260000000000000   110319078          00000000000000                                                                  000080
1020874591800017100000090345100240370REGTIT24411902069770     000000000000598196420000000000000000000000000906080319190206977000000000000059819642280219000000001348034108425  000000000000000000000000000000000000000000000000000000000000000000000000000000000000001390900000000004290000000000000   110319078          00000000000000                                                                  000081
1020874591800017100000090345100240370REGTIT24411902069776     000000000000598196500000000000000000000000000906080319190206977600000000000059819650280219000000001348034109266  000000000000000000000000000000000000000000000000000000000000000000000000000000000000001390900000000004290000000000000   110319078          00000000000000                                                                  000082
1020874591800017100000090345100240370REGTIT24411902070041     000000000000598206160000000000000000000000000906080319190207004100000000000059820616280219000000001085734106663  000000000000000000000000000000000000000000000000000000000000000000000000000000000000001120200000000003450000000000000   110319078          00000000000000                                                                  000083
1020874591800017100000090345100240370REGTIT24411902070076     000000000000598207640000000000000000000000000906080319190207007600000000000059820764280219000000000999034103708  000000000000000000000000000000000000000000000000000000000000000000000000000000000000001030900000000003190000000000000   110319078          00000000000000                                                                  000084
1020874591800017100000090345100240370REGTIT24411902070288     000000000000598215820000000000000000000000000906080319190207028800000000000059821582280219000000001348000105795  000000000000000000000000000000000000000000000000000000000000000000000000000000000000001390900000000004290000000000000   110319078          00000000000000                                                                  000085
1020874591800017100000090345100240370REGTIT24411902070474     000000000000598223090000000000000000000000000906080319190207047400000000000059822309280219000000001249003303114  000000000000000000000000000000000000000000000000000000000000000000000000000000000000001289100000000004010000000000000   110319078          00000000000000                                                                  000086
1020874591800017100000090345100240370REGTIT24411902070476     000000000000598223250000000000000000000000000906080319190207047600000000000059822325280219000000001248010403866  000000000000000000000000000000000000000000000000000000000000000000000000000000000000001288100000000004010000000000000   110319078          00000000000000                                                                  000087
1020874591800017100000090345100240370REGTIT24411902070506     000000000000598224220000000000000000000000000906080319190207050600000000000059822422280219000000001149003302102  000000000000000000000000000000000000000000000000000000000000000000000000000000000000001185500000000003650000000000000   110319078          00000000000000                                                                  000088
1020874591800017100000090345100240370REGTIT24411902070681     000000000000598232320000000000000000000000000906080319190207068100000000000059823232280219000000001334003302102  000000000000000000000000000000000000000000000000000000000000000000000000000000000000001376600000000004260000000000000   110319078          00000000000000                                                                  000089
1020874591800017100000090345100240370REGTIT24411902071265     000000000000598261850000000000000000000000000906080319190207126500000000000059826185280219000000001040074801005  000000000000000000000000000000000000000000000000000000000000000000000000000000000000001073600000000003360000000000000   110319078          00000000000000                                                                  000090
1020874591800017100000090345100240370REGTIT24411902071272     000000000000598262310000000000000000000000000906080319190207127200000000000059826231280219000000000899010403557  000000000000000000000000000000000000000000000000000000000000000000000000000000000000000927300000000002830000000000000   110319078          00000000000000                                                                  000091
1020874591800017100000090345100240370REGTIT24411902071374     000000000000598269400000000000000000000000000906080319190207137400000000000059826940280219000000000998010400370  000000000000000000000000000000000000000000000000000000000000000000000000000000000000001029900000000003190000000000000   110319078          00000000000000                                                                  000092
1020874591800017100000090345100240370REGTIT24411902071378     000000000000598269830000000000000000000000000906080319190207137800000000000059826983280219000000000799010401630  000000000000000000000000000000000000000000000000000000000000000000000000000000000000000824500000000002550000000000000   110319078          00000000000000                                                                  000093
1020874591800017100000090345100240370REGTIT24411902071421     000000000000598272540000000000000000000000000906080319190207142100000000000059827254280219000000000998010400393  000000000000000000000000000000000000000000000000000000000000000000000000000000000000001029900000000003190000000000000   110319078          00000000000000                                                                  000094
1020874591800017100000090345100240370REGTIT24411902071542     000000000000598280130000000000000000000000000906080319190207154200000000000059828013280219000000000799003301258  000000000000000000000000000000000000000000000000000000000000000000000000000000000000000824500000000002550000000000000   110319078          00000000000000                                                                  000095
1020874591800017100000090345100240370REGTIT24411902071569     000000000000598281610000000000000000000000000906080319190207156900000000000059828161280219000000000998034103848  000000000000000000000000000000000000000000000000000000000000000000000000000000000000001029900000000003190000000000000   110319078          00000000000000                                                                  000096
1020874591800017100000090345100240370REGTIT24411902071604     000000000000598283820000000000000000000000000906080319190207160400000000000059828382280219000000000998003302190  000000000000000000000000000000000000000000000000000000000000000000000000000000000000001029900000000003190000000000000   110319078          00000000000000                                                                  000097
1020874591800017100000090345100240370REGTIT24411902071641     000000000000598286170000000000000000000000000906080319190207164100000000000059828617280219000000000998010400436  000000000000000000000000000000000000000000000000000000000000000000000000000000000000001029900000000003190000000000000   110319078          00000000000000                                                                  000098
1020874591800017100000090345100240370REGTIT24411902071643     000000000000598286330000000000000000000000000906080319190207164300000000000059828633280219000000000998034107222  000000000000000000000000000000000000000000000000000000000000000000000000000000000000001029900000000003190000000000000   110319078          00000000000000                                                                  000099
1020874591800017100000090345100240370REGTIT24411902071829     000000000000598298500000000000000000000000000906080319190207182900000000000059829850280219000000000998007700001  000000000000000000000000000000000000000000000000000000000000000000000000000000000000001029900000000003190000000000000   110319078          00000000000000                                                                  000100
1020874591800017100000090345100240370REGTIT24411902071895     000000000000598303440000000000000000000000000906080319190207189500000000000059830344280219000000001534010404744  000000000000000000000000000000000000000000000000000000000000000000000000000000000000001583000000000004900000000000000   110319078          00000000000000                                                                  000101
1020874591800017100000090345100240370REGTIT24411902071914     000000000000598304920000000000000000000000000906080319190207191400000000000059830492280219000000001299034100615  000000000000000000000000000000000000000000000000000000000000000000000000000000000000001340100000000004110000000000000   110319078          00000000000000                                                                  000102
1020874591800017100000090345100240370REGTIT24411902072007     000000000000598312000000000000000000000000000906080319190207200700000000000059831200280219000000000998010403866  000000000000000000000000000000000000000000000000000000000000000000000000000000000000001029900000000003190000000000000   110319078          00000000000000                                                                  000103
1020874591800017100000090345100240370REGTIT24411902072084     000000000000598317740000000000000000000000000906080319190207208400000000000059831774280219000000000799034105650  000000000000000000000000000000000000000000000000000000000000000000000000000000000000000824500000000002550000000000000   110319078          00000000000000                                                                  000104
1020874591800017100000090345100240370REGTIT24411902072167     000000000000598323120000000000000000000000000906080319190207216700000000000059832312280219000000000998000100051  000000000000000000000000000000000000000000000000000000000000000000000000000000000000001029900000000003190000000000000   110319078          00000000000000                                                                  000105
1020874591800017100000090345100240370REGTIT24411902072200     000000000000598325840000000000000000000000000906080319190207220000000000000059832584280219000000000998010403387  000000000000000000000000000000000000000000000000000000000000000000000000000000000000001029900000000003190000000000000   110319078          00000000000000                                                                  000106
1020874591800017100000090345100240370REGTIT24411902072287     000000000000598331810000000000000000000000000906080319190207228700000000000059833181280219000000000850034106663  000000000000000000000000000000000000000000000000000000000000000000000000000000000000000877400000000002740000000000000   110319078          00000000000000                                                                  000107
1020874591800017100000090345100240370REGTIT24411902072624     000000000000598358180000000000000000000000000906080319190207262400000000000059835818280219000000000799000100100  000000000000000000000000000000000000000000000000000000000000000000000000000000000000000824500000000002550000000000000   110319078          00000000000000                                                                  000108
1020874591800017100000090345100240370REGTIT24411902072764     000000000000598370390000000000000000000000000906080319190207276400000000000059837039280219000000000998003304646  000000000000000000000000000000000000000000000000000000000000000000000000000000000000001029900000000003190000000000000   110319078          00000000000000                                                                  000109
1020874591800017100000090345100240370REGTIT24411902072806     000000000000598374030000000000000000000000000906080319190207280600000000000059837403280219000000000998000103273  000000000000000000000000000000000000000000000000000000000000000000000000000000000000001029900000000003190000000000000   110319078          00000000000000                                                                  000110
1020874591800017100000090345100240370REGTIT24411902072816     000000000000598375000000000000000000000000000906080319190207281600000000000059837500280219000000000699010400586  000000000000000000000000000000000000000000000000000000000000000000000000000000000000000720900000000002190000000000000   110319078          00000000000000                                                                  000111
1020874591800017100000090345100240370REGTIT24411902072847     000000000000598378020000000000000000000000000906080319190207284700000000000059837802280219000000000799075601700  000000000000000000000000000000000000000000000000000000000000000000000000000000000000000824500000000002550000000000000   110319078          00000000000000                                                                  000112
1020874591800017100000090345100240370REGTIT24411902073043     000000000000598396270000000000000000000000000906080319190207304300000000000059839627280219000000000799010402757  000000000000000000000000000000000000000000000000000000000000000000000000000000000000000824500000000002550000000000000   110319078          00000000000000                                                                  000113
1020874591800017100000090345100240370REGTIT24411902073048     000000000000598396780000000000000000000000000906080319190207304800000000000059839678280219000000000998010400386  000000000000000000000000000000000000000000000000000000000000000000000000000000000000001029900000000003190000000000000   110319078          00000000000000                                                                  000114
1020874591800017100000090345100240370REGTIT24411902073051     000000000000598397080000000000000000000000000906080319190207305100000000000059839708280219000000001359774809070  000000000000000000000000000000000000000000000000000000000000000000000000000000000000001402800000000004310000000000000   110319078          00000000000000                                                                  000115
1020874591800017100000090345100240370REGTIT24411902073107     000000000000598402340000000000000000000000000906080319190207310700000000000059840234280219000000000799010401282  000000000000000000000000000000000000000000000000000000000000000000000000000000000000000824500000000002550000000000000   110319078          00000000000000                                                                  000116
1020874591800017100000090345100240370REGTIT24411902073136     000000000000598404980000000000000000000000000906080319190207313600000000000059840498280219000000000998010401851  000000000000000000000000000000000000000000000000000000000000000000000000000000000000001029900000000003190000000000000   110319078          00000000000000                                                                  000117
1020874591800017100000090345100240370REGTIT24411902073159     000000000000598407140000000000000000000000000906080319190207315900000000000059840714280219000000000998003300814  000000000000000000000000000000000000000000000000000000000000000000000000000000000000001029900000000003190000000000000   110319078          00000000000000                                                                  000118
1020874591800017100000090345100240370REGTIT2445997272214381   000000009000598418860000000000000000000000000906080319997272214300000000900059841886130319000000001056223701360  000000000000000000000000000000000000000000000000000000000000000000000000000000000000001056200000000000000000000000000   110319066          00000000000000                                                                  000119
1020874591800017100000090345100240370REGTIT2532997097581356   000000009000598575880000000000000000000000000906080319997097581300000000900059857588010319000000003147034103835  000000000000000000000000000000000000000000000000000000000000000000000000000000000000003242800000000009580000000000000   110319078          00000000000000                                                                  000120
1020874591800017100000090345100240370REGTIT2571997180165090   000000009000598634050000000000000000000000000906080319997180165000000000900059863405080319000000001800023705750  000000000000000000000000000000000000000000000000000000000000000000000000000000000000001800000000000000000000000000000   110319066          00000000000000                                                                  000121
1020874591800017100000090345100240370REGTIT2601997099297715   000000009000598675160000000000000000000000000906080319997099297700000000900059867516080319000000003147034103812  000000000000000000000000000000000000000000000000000000000000000000000000000000000000003147000000000000000000000000000   110319078          00000000000000                                                                  000122
1020874591800017100000090345100240370REGTIT2601996993728937   000000009000598675240000000000000000000000000906080319996993728900000000900059867524080319000000002370034103812  000000000000000000000000000000000000000000000000000000000000000000000000000000000000002370000000000000000000000000000   110319078          00000000000000                                                                  000123
9201237          000030050000004365450500000561          00007000000162660000001808979001150000017529520000000000000000000000000000000000000000000000000000000000000000000000000000000000000                                                                                                                                                                              00000000000000000000000         000124
