02RETORNO01COBRANCA       00000000000004972103WC SISTEMAS E EQUIPAMENTOS DE 237BRADESCO       1503190160000000566                                                                                                                                                                                                                                                                          180319         000001
1020874591800017100000090345100240370REGTIT2629997226659188   000000009000599312570000000000000000000000000902150319997226659100000000900059931257200319000000006787523704144  000000000014300000000000000000000000000000000000000000000000000000000000000000000000000000000000000000000000000000000                          0000000000                                                                  000002
1020874591800017100000090345100240370REGTIT2629997283439033   000000009000599312650000000000000000000000000902150319997283439000000000900059931265250319000000001400023704144  000000000014300000000000000000000000000000000000000000000000000000000000000000000000000000000000000000000000000000000                          0000000000                                                                  000003
1020874591800017100000090345100240370REGTIT2629997283426015   000000009000599312730000000000000000000000000902150319997283426000000000900059931273250419000000001400023704144  000000000014300000000000000000000000000000000000000000000000000000000000000000000000000000000000000000000000000000000                          0000000000                                                                  000004
1020874591800017100000090345100240370REGTIT2629997283469290   000000009000599312810000000000000000000000000902150319997283469200000000900059931281250519000000001400023704144  000000000014300000000000000000000000000000000000000000000000000000000000000000000000000000000000000000000000000000000                          0000000000                                                                  000005
1020874591800017100000090345100240370REGTIT2630997063781144   0000000090005993129P000000000000000000000000090215031999706378110000000090005993129P180319000000002022023704157  000000000014300000000000000000000000000000000000000000000000000000000000000000000000000000000000000000000000000000000                          7600000000                                                                  000006
1020874591800017100000090345100240370REGTIT263099706375110    000000009000599313030000000000000000000000000902150319997063751100000000900059931303180419000000002022023704157  000000000014300000000000000000000000000000000000000000000000000000000000000000000000000000000000000000000000000000000                          7600000000                                                                  000007
1020874591800017100000090345100240370REGTIT2630997090862841   000000009000599313110000000000000000000000000902150319997090862800000000900059931311180319000000005392023704157  000000000014300000000000000000000000000000000000000000000000000000000000000000000000000000000000000000000000000000000                          7600000000                                                                  000008
1020874591800017100000090345100240370REGTIT2630997254158614   0000000090005993132P000000000000000000000000090215031999725415860000000090005993132P180319000000002227823704157  000000000014300000000000000000000000000000000000000000000000000000000000000000000000000000000000000000000000000000000                          0000000000                                                                  000009
1020874591800017100000090345100240370REGTIT2630997254145924   000000009000599313380000000000000000000000000902150319997254145900000000900059931338180419000000002227823704157  000000000014300000000000000000000000000000000000000000000000000000000000000000000000000000000000000000000000000000000                          0000000000                                                                  000010
1020874591800017100000090345100240370REGTIT2630997254170230   000000009000599313460000000000000000000000000902150319997254170200000000900059931346180519000000002227823704157  000000000014300000000000000000000000000000000000000000000000000000000000000000000000000000000000000000000000000000000                          0000000000                                                                  000011
1020874591800017100000090345100240370REGTIT2630997017794986   000000009000599313540000000000000000000000000902150319997017794900000000900059931354250319000000001953123704144  000000000014300000000000000000000000000000000000000000000000000000000000000000000000000000000000000000000000000000000                          7600000000                                                                  000012
1020874591800017100000090345100240370REGTIT2630997017799600   000000009000599313620000000000000000000000000902150319997017799600000000900059931362250419000000001953123704144  000000000014300000000000000000000000000000000000000000000000000000000000000000000000000000000000000000000000000000000                          7600000000                                                                  000013
1020874591800017100000090345100240370REGTIT2630997017797490   000000009000599313700000000000000000000000000902150319997017797400000000900059931370250519000000001953123704144  000000000014300000000000000000000000000000000000000000000000000000000000000000000000000000000000000000000000000000000                          7600000000                                                                  000014
1020874591800017100000090345100240370REGTIT263099712666891    000000009000599315240000000000000000000000000902150319997126668900000000900059931524150319000000002357723704144  000000000014300000000000000000000000000000000000000000000000000000000000000000000000000000000000000000000000000000000                          0000000000                                                                  000015
1020874591800017100000090345100240370REGTIT2632996953774798   000000009000599331280000000000000000000000000902150319996953774700000000900059933128210319000000009888523704144  000000000014300000000000000000000000000000000000000000000000000000000000000000000000000000000000000000000000000000000                          0000000000                                                                  000016
1020874591800017100000090345100240370REGTIT26281903000073     000000000000598781420000000000000000000000000903150319190300007300000000000059878142290319000000000049523704144  000000000000000000000000000000000000000000000000000000000000000000000000000000000000000000000000000000000000000000000                          4600000000                                                                  000017
1020874591800017100000090345100240370REGTIT26281903000764     000000000000598782150000000000000000000000000903150319190300076400000000000059878215290319000000046820623704144  000000000000000000000000000000000000000000000000000000000000000000000000000000000000000000000000000000000000000000000                          4600000000                                                                  000018
1020874591800017100000090345100240370REGTIT18811811071034     000000000000595519760000000000000000000000000906150319181107103400000000000059551976301118000000001376010401599  000000000000000000000000000000000000000000000000000000000000000000000000000000000000001624000000000024800000000000000   180319078          00000000000000                                                                  000019
1020874591800017100000090345100240370REGTIT18811811071852     000000000000595582020000000000000000000000000906150319181107185200000000000059558202301118000000000998010402863  000000000000000000000000000000000000000000000000000000000000000000000000000000000000001175400000000017740000000000000   180319078          00000000000000                                                                  000020
1020874591800017100000090345100240370REGTIT20751812070613     000000000000596403400000000000000000000000000906150319181207061300000000000059640340281218000000002197003303190  000000000000000000000000000000000000000000000000000000000000000000000000000000000000002495000000000029800000000000000   180319078          00000000000000                                                                  000021
1020874591800017100000090345100240370REGTIT20751812071836     000000000000596481710000000000000000000000000906150319181207183600000000000059648171281218000000001629010403511  000000000000000000000000000000000000000000000000000000000000000000000000000000000000001846300000000021730000000000000   180319078          00000000000000                                                                  000022
1020874591800017100000090345100240370REGTIT20751812071852     000000000000596483090000000000000000000000000906150319181207185200000000000059648309281218000000001797010402863  000000000000000000000000000000000000000000000000000000000000000000000000005712000000001225800000000000000000000000000   180319078          00000000000000                                                                  000023
1020874591800017100000090345100240370REGTIT20751812072212     000000000000596513340000000000000000000000000906150319181207221200000000000059651334281218000000001797034101621  000000000000000000000000000000000000000000000000000000000000000000000000005712000000001225800000000000000000000000000   180319078          00000000000000                                                                  000024
1020874591800017100000090345100240370REGTIT22981901071034     000000000000597374760000000000000000000000000906150319190107103400000000000059737476300119000000000998010401599  000000000000000000000000000000000000000000000000000000000000000000000000000000000000001083900000000008590000000000000   180319078          00000000000000                                                                  000025
1020874591800017100000090345100240370REGTIT22981901071836     000000000000597427040000000000000000000000000906150319190107183600000000000059742704300119000000000899010403511  000000000000000000000000000000000000000000000000000000000000000000000000000000000000000974100000000007510000000000000   180319078          00000000000000                                                                  000026
1020874591800017100000090345100240370REGTIT22981901072212     000000000000597456570000000000000000000000000906150319190107221200000000000059745657300119000000000998034101621  000000000000000000000000000000000000000000000000000000000000000000000000000000000000001000900000000000290000000000000   180319078          00000000000000                                                                  000027
1020874591800017100000090345100240370REGTIT24411902037617     000000000000597950770000000000000000000000000906150319190203761700000000000059795077280219000000001749023701314  000000000000000000000000000000000000000000000000000000000000000000000000000000000000001822900000000007390000000000000   180319082          00000000000000                                                                  000028
1020874591800017100000090345100240370REGTIT24411902058577     000000000000597982700000000000000000000000000906150319190205857700000000000059798270280219000000001488203303731  000000000000000000000000000000000000000000000000000000000000000000000000000000000000001550900000000006270000000000000   180319078          00000000000000                                                                  000029
1020874591800017100000090345100240370REGTIT24411902063123     000000000000598005500000000000000000000000000906150319190206312300000000000059800550280219000000001678034101653  000000000000000000000000000000000000000000000000000000000000000000000000000000000000001749000000000007100000000000000   180319078          00000000000000                                                                  000030
1020874591800017100000090345100240370REGTIT24411902063538     000000000000598009760000000000000000000000000906150319190206353800000000000059800976280219000000002489900106818  000000000000000000000000000000000000000000000000000000000000000000000000000000000000002595100000000010520000000000000   180319078          00000000000000                                                                  000031
1020874591800017100000090345100240370REGTIT24411902063871     000000000000598013870000000000000000000000000906150319190206387100000000000059801387280219000000001489010400406  000000000000000000000000000000000000000000000000000000000000000000000000000000000000001551700000000006270000000000000   180319078          00000000000000                                                                  000032
1020874591800017100000090345100240370REGTIT24411902065148     000000000000598034600000000000000000000000000906150319190206514800000000000059803460280219000000001748075604368  000000000000000000000000000000000000000000000000000000000000000000000000000000000000001821900000000007390000000000000   180319078          00000000000000                                                                  000033
1020874591800017100000090345100240370REGTIT24411902066200     0000000000005980694P000000000000000000000000090615031919020662000000000000005980694P280219000000001755703304646  000000000000000000000000000000000000000000000000000000000000000000000000000000000000001829800000000007410000000000000   180319078          00000000000000                                                                  000034
1020874591800017100000090345100240370REGTIT24411902066380     0000000000005980761P000000000000000000000000090615031919020663800000000000005980761P280219000000001199003300809  000000000000000000000000000000000000000000000000000000000000000000000000000000000000001249900000000005090000000000000   180319078          00000000000000                                                                  000035
1020874591800017100000090345100240370REGTIT24411902066894     000000000000598097360000000000000000000000000906150319190206689400000000000059809736280219000000001698003303841  000000000000000000000000000000000000000000000000000000000000000000000000000000000000001769400000000007140000000000000   180319078          00000000000000                                                                  000036
1020874591800017100000090345100240370REGTIT24411902067018     000000000000598103270000000000000000000000000906150319190206701800000000000059810327280219000000001589034107367  000000000000000000000000000000000000000000000000000000000000000000000000000000000000001656700000000006770000000000000   180319078          00000000000000                                                                  000037
1020874591800017100000090345100240370REGTIT24411902067155     000000000000598108900000000000000000000000000906150319190206715500000000000059810890280219000000001733023702037  000000000000000000000000000000000000000000000000000000000000000000000000000000000000001806600000000007360000000000000   180319066          00000000000000                                                                  000038
1020874591800017100000090345100240370REGTIT24411902067901     000000000000598137410000000000000000000000000906150319190206790100000000000059813741280219000000001598023705749  000000000000000000000000000000000000000000000000000000000000000000000000000000000000001665900000000006790000000000000   180319035          00000000000000                                                                  000039
1020874591800017100000090345100240370REGTIT24411902068266     000000000000598148960000000000000000000000000906150319190206826600000000000059814896280219000000001181500103020  000000000000000000000000000000000000000000000000000000000000000000000000000000000000001232100000000005060000000000000   180319078          00000000000000                                                                  000040
1020874591800017100000090345100240370REGTIT24411902069085     000000000000598173800000000000000000000000000906150319190206908500000000000059817380280219000000001545003303712  000000000000000000000000000000000000000000000000000000000000000000000000000000000000001610400000000006540000000000000   180319078          00000000000000                                                                  000041
1020874591800017100000090345100240370REGTIT24411902069183     000000000000598177120000000000000000000000000906150319190206918300000000000059817712280219000000001448034107454  000000000000000000000000000000000000000000000000000000000000000000000000000000000000001509900000000006190000000000000   180319078          00000000000000                                                                  000042
1020874591800017100000090345100240370REGTIT24411902069184     000000000000598177200000000000000000000000000906150319190206918400000000000059817720280219000000001198010401266  000000000000000000000000000000000000000000000000000000000000000000000000000000000000001248900000000005090000000000000   180319078          00000000000000                                                                  000043
1020874591800017100000090345100240370REGTIT24411902069307     000000000000598180500000000000000000000000000906150319190206930700000000000059818050280219000000000799023702125  000000000000000000000000000000000000000000000000000000000000000000000000000000000000000832900000000003390000000000000   180319035          00000000000000                                                                  000044
1020874591800017100000090345100240370REGTIT24411902069664     000000000000598192270000000000000000000000000906150319190206966400000000000059819227280219000000001149034104522  000000000000000000000000000000000000000000000000000000000000000000000000000000000000001197400000000004840000000000000   180319078          00000000000000                                                                  000045
1020874591800017100000090345100240370REGTIT24411902069690     000000000000598193080000000000000000000000000906150319190206969000000000000059819308280219000000001348003301012  000000000000000000000000000000000000000000000000000000000000000000000000000000000000001404900000000005690000000000000   180319078          00000000000000                                                                  000046
1020874591800017100000090345100240370REGTIT24411902069993     000000000000598203650000000000000000000000000906150319190206999300000000000059820365280219000000001659023701226  000000000000000000000000000000000000000000000000000000000000000000000000000000000000001729600000000007060000000000000   180319066          00000000000000                                                                  000047
1020874591800017100000090345100240370REGTIT24411902070065     000000000000598206910000000000000000000000000906150319190207006500000000000059820691280219000000001149023705901  000000000000000000000000000000000000000000000000000000000000000000000000000000000000001197400000000004840000000000000   180319035          00000000000000                                                                  000048
1020874591800017100000090345100240370REGTIT24411902070145     000000000000598210190000000000000000000000000906150319190207014500000000000059821019280219000000001348034103715  000000000000000000000000000000000000000000000000000000000000000000000000000000000000001404900000000005690000000000000   180319078          00000000000000                                                                  000049
1020874591800017100000090345100240370REGTIT24411902070172     000000000000598211160000000000000000000000000906150319190207017200000000000059821116280219000000001011503303837  000000000000000000000000000000000000000000000000000000000000000000000000000000000000001054200000000004270000000000000   180319078          00000000000000                                                                  000050
1020874591800017100000090345100240370REGTIT24411902070175     000000000000598211400000000000000000000000000906150319190207017500000000000059821140280219000000000750034103377  000000000000000000000000000000000000000000000000000000000000000000000000000000000000000781500000000003150000000000000   180319078          00000000000000                                                                  000051
1020874591800017100000090345100240370REGTIT24411902070613     000000000000598229450000000000000000000000000906150319190207061300000000000059822945280219000000001248003303190  000000000000000000000000000000000000000000000000000000000000000000000000000000000000001301400000000005340000000000000   180319078          00000000000000                                                                  000052
1020874591800017100000090345100240370REGTIT24411902070794     000000000000598237120000000000000000000000000906150319190207079400000000000059823712280219000000001383310402553  000000000000000000000000000000000000000000000000000000000000000000000000000000000000001442400000000005910000000000000   180319078          00000000000000                                                                  000053
1020874591800017100000090345100240370REGTIT24411902071178     000000000000598255960000000000000000000000000906150319190207117800000000000059825596280219000000000998023702394  000000000000000000000000000000000000000000000000000000000000000000000000000000000000001040400000000004240000000000000   180319035          00000000000000                                                                  000054
1020874591800017100000090345100240370REGTIT24411902071413     000000000000598272110000000000000000000000000906150319190207141300000000000059827211280219000000000998003300950  000000000000000000000000000000000000000000000000000000000000000000000000000000000000001040400000000004240000000000000   180319078          00000000000000                                                                  000055
1020874591800017100000090345100240370REGTIT24411902071582     000000000000598282420000000000000000000000000906150319190207158200000000000059828242280219000000000998010403915  000000000000000000000000000000000000000000000000000000000000000000000000000000000000001040400000000004240000000000000   180319078          00000000000000                                                                  000056
1020874591800017100000090345100240370REGTIT24411902071708     000000000000598290870000000000000000000000000906150319190207170800000000000059829087280219000000000998023706606  000000000000000000000000000000000000000000000000000000000000000000000000000000000000001040400000000004240000000000000   180319035          00000000000000                                                                  000057
1020874591800017100000090345100240370REGTIT24411902071775     000000000000598295320000000000000000000000000906150319190207177500000000000059829532280219000000000998000103262  000000000000000000000000000000000000000000000000000000000000000000000000000000000000001040400000000004240000000000000   180319078          00000000000000                                                                  000058
1020874591800017100000090345100240370REGTIT24411902071836     000000000000598299070000000000000000000000000906150319190207183600000000000059829907280219000000000899010403511  000000000000000000000000000000000000000000000000000000000000000000000000000000000000000936400000000003740000000000000   180319078          00000000000000                                                                  000059
1020874591800017100000090345100240370REGTIT24411902071851     0000000000005983000P000000000000000000000000090615031919020718510000000000005983000P280219000000000998010402937  000000000000000000000000000000000000000000000000000000000000000000000000000000000000001040400000000004240000000000000   180319078          00000000000000                                                                  000060
1020874591800017100000090345100240370REGTIT24411902071931     000000000000598306380000000000000000000000000906150319190207193100000000000059830638280219000000000998034100616  000000000000000000000000000000000000000000000000000000000000000000000000000000000000001040400000000004240000000000000   180319078          00000000000000                                                                  000061
1020874591800017100000090345100240370REGTIT24411902072052     000000000000598315370000000000000000000000000906150319190207205200000000000059831537280219000000000998003301291  000000000000000000000000000000000000000000000000000000000000000000000000000000000000001040400000000004240000000000000   180319078          00000000000000                                                                  000062
1020874591800017100000090345100240370REGTIT24411902072186     000000000000598324870000000000000000000000000906150319190207218600000000000059832487280219000000000799010402839  000000000000000000000000000000000000000000000000000000000000000000000000000000000000000832900000000003390000000000000   180319078          00000000000000                                                                  000063
1020874591800017100000090345100240370REGTIT24411902072212     000000000000598326810000000000000000000000000906150319190207221200000000000059832681280219000000000998034101621  000000000000000000000000000000000000000000000000000000000000000000000000000000000000000998600000000000060000000000000   180319078          00000000000000                                                                  000064
1020874591800017100000090345100240370REGTIT24411902072269     000000000000598330330000000000000000000000000906150319190207226900000000000059833033280219000000000998010403915  000000000000000000000000000000000000000000000000000000000000000000000000000000000000001040400000000004240000000000000   180319078          00000000000000                                                                  000065
1020874591800017100000090345100240370REGTIT24411902072286     000000000000598331730000000000000000000000000906150319190207228600000000000059833173280219000000000899010400997  000000000000000000000000000000000000000000000000000000000000000000000000000000000000000936400000000003740000000000000   180319078          00000000000000                                                                  000066
1020874591800017100000090345100240370REGTIT24411902072362     000000000000598337850000000000000000000000000906150319190207236200000000000059833785280219000000000799023700689  000000000000000000000000000000000000000000000000000000000000000000000000000000000000000832900000000003390000000000000   180319066          00000000000000                                                                  000067
1020874591800017100000090345100240370REGTIT24411902072564     000000000000598353540000000000000000000000000906150319190207256400000000000059835354280219000000000998003300812  000000000000000000000000000000000000000000000000000000000000000000000000000000000000001040400000000004240000000000000   180319078          00000000000000                                                                  000068
1020874591800017100000090345100240370REGTIT24411902072585     000000000000598354940000000000000000000000000906150319190207258500000000000059835494280219000000000998003300975  000000000000000000000000000000000000000000000000000000000000000000000000000000000000001040400000000004240000000000000   180319078          00000000000000                                                                  000069
1020874591800017100000090345100240370REGTIT24411902072619     000000000000598357610000000000000000000000000906150319190207261900000000000059835761280219000000000936810402863  000000000000000000000000000000000000000000000000000000000000000000000000000000000000000976500000000003970000000000000   180319078          00000000000000                                                                  000070
1020874591800017100000090345100240370REGTIT24411902072680     0000000000005983630P000000000000000000000000090615031919020726800000000000005983630P280219000000000599010400368  000000000000000000000000000000000000000000000000000000000000000000000000000000000000000624400000000002540000000000000   180319078          00000000000000                                                                  000071
1020874591800017100000090345100240370REGTIT24411902073092     000000000000598400990000000000000000000000000906150319190207309200000000000059840099280219000000001181534102929  000000000000000000000000000000000000000000000000000000000000000000000000007644000000000417100000000000000000000000000   180319078          00000000000000                                                                  000072
1020874591800017100000090345100240370REGTIT24411902073172     000000000000598408110000000000000000000000000906150319190207317200000000000059840811280219000000000799034103858  000000000000000000000000000000000000000000000000000000000000000000000000000000000000000832900000000003390000000000000   180319078          00000000000000                                                                  000073
1020874591800017100000090345100240370REGTIT26211903073155     000000000000599248610000000000000000000000000906150319190307315500000000000059924861290319000000000998010403252  000000000000000000000000000000000000000000000000000000000000000000000000000000000000000998000000000000000000000000000   180319078          00000000000000                                                                  000074
1020874591800017100000090345100240370REGTIT26211903073172     000000000000599249930000000000000000000000000906150319190307317200000000000059924993290319000000000998034103858  000000000000000000000000000000000000000000000000000000000000000000000000000000000000000998000000000000000000000000000   180319078          00000000000000                                                                  000075
1020874591800017100000090345100240370REGTIT2158997096144502   000000009000596783140000000000000000000000000906150319997096144500000000900059678314210219000000002107774800725  000000000000000000000000000000000000000000000000000000000000000000000000000000000000002220200000000011250000000000000   180319078          00000000000000                                                                  000076
1020874591800017100000090345100240370REGTIT2294997224112890   000000009000597028860000000000000000000000000906150319997224112800000000900059702886140319000000001665610402204  000000000000000000000000000000000000000000000000000000000000000000000000000000000000001701400000000003580000000000000   180319078          00000000000000                                                                  000077
1020874591800017100000090345100240370REGTIT2626997066596618   0000000090005993034P000000000000000000000000090615031999706659660000000090005993034P150319000000004980023705908  000000000000000000000000000000000000000000000000000000000000000000000000000000000000004980000000000000000000000000000   180319035          00000000000000                                                                  000078
1020874591800017100000090345100240370REGTIT20751812070551     000000000000596399890000000000000000000000000909150319181207055100000000000059639989281218000000002397023704150  000000000000000000000000000000000000000000000000000000000000000000000000000000000000000000000000000000000000000000000                          0000000000                                                                  000079
1020874591800017100000090345100240370REGTIT22981901070551     000000000000597350310000000000000000000000000909150319190107055100000000000059735031300119000000001348023704150  000000000000000000000000000000000000000000000000000000000000000000000000000000000000000000000000000000000000000000000                          0000000000                                                                  000080
1020874591800017100000090345100240370REGTIT24411902070551     000000000000598226000000000000000000000000000909150319190207055100000000000059822600280219000000001348023704150  000000000000000000000000000000000000000000000000000000000000000000000000000000000000000000000000000000000000000000000                          0000000000                                                                  000081
1020874591800017100000090345100240370REGTIT26211903001911     000000000000598782820000000000000000000000000909150319190300191100000000000059878282290319000000000049523704150  000000000000000000000000000000000000000000000000000000000000000000000000000000000000000000000000000000000000000000000                          0000000000                                                                  000082
1020874591800017100000090345100240370REGTIT26211903007433     000000000000598787700000000000000000000000000909150319190300743300000000000059878770290319000000001464323704150  000000000000000000000000000000000000000000000000000000000000000000000000000000000000000000000000000000000000000000000                          0000000000                                                                  000083
1020874591800017100000090345100240370REGTIT20751812067546     000000000000596292070000000000000000000000000912150319181206754600000000000059629207281218000000002897023704150  000000000000000000000000000000000000000000000000000000000000129900000000000000000000000000000000000000000000000000000                          0000000000                                                                  000084
1020874591800017100000090345100240370REGTIT26211903067426     000000000000598978130000000000000000000000000929150319190306742600000000000059897813290319000000001598000000000  000000000000000000000000000000000000000000000000000000000000000000000000000000000000000000000000000000000000000000000                          7800000000                                                                  000085
1020874591800017100000090345100240370REGTIT26211903071346     000000000000599119130000000000000000000000000929150319190307134600000000000059911913290319000000000998000000000  000000000000000000000000000000000000000000000000000000000000000000000000000000000000000000000000000000000000000000000                          7895000000                                                                  000086
9201237          000070010000010068104700000566          00015000000452124000000813990000600000007975870000500000006606800000000000000000000000000000000000000100000002897000000000000000000                                                                                                                                                                              00000000000000000000000         000087
