02RETORNO01COBRANCA       00000000000004852239ISPCN ADM DE COBRANCA DE TITUL237BRADESCO       2802190160000000595                                                                                                                                                                                                                                                                          010319         000001
102122445950001000000009034510032549PREGTIT29137031714249     000000000000590821780000000000000000000000000902280219000590821700000000000059082178290419000000002600023704151  000000000014300000000000000000000000000000000000000000000000000000000000000000000000000000000000000000000000000000000                          0000000000                                                                  000002
102122445950001000000009034510032549PREGTIT29134139824675     000000000000592973790000000000000000000000000902280219000592973700000000000059297379290419000000000962523703451  000000000014300000000000000000000000000000000000000000000000000000000000000000000000000000000000000000000000000000000                          0000000000                                                                  000003
102122445950001000000009034510032549PREGTIT29133807156280     0000000000005929745P000000000000000000000000090228021900059297450000000000005929745P290419000000000750023703451  000000000014300000000000000000000000000000000000000000000000000000000000000000000000000000000000000000000000000000000                          0000000000                                                                  000004
102122445950001000000009034510032549PREGTIT29135892143145     000000000000593134390000000000000000000000000902280219000593134300000000000059313439290419000000001000023703451  000000000014300000000000000000000000000000000000000000000000000000000000000000000000000000000000000000000000000000000                          0000000000                                                                  000005
102122445950001000000009034510032549PREGTIT29136340921529     000000000000593991040000000000000000000000000902280219000593991000000000000059399104290419000000005000023704151  000000000014300000000000000000000000000000000000000000000000000000000000000000000000000000000000000000000000000000000                          7600000000                                                                  000006
102122445950001000000009034510032549PREGTIT29138105523089     0000000000005956797P000000000000000000000000090228021900059567970000000000005956797P290419000000000750023703451  000000000014300000000000000000000000000000000000000000000000000000000000000000000000000000000000000000000000000000000                          0000000000                                                                  000007
102122445950001000000009034510032549PREGTIT29135649441832     000000000000595946160000000000000000000000000902280219000595946100000000000059594616290419000000000980023703451  000000000014300000000000000000000000000000000000000000000000000000000000000000000000000000000000000000000000000000000                          0000000000                                                                  000008
102122445950001000000009034510032549PREGTIT29135743159022     000000000000595953020000000000000000000000000902280219000595953000000000000059595302290419000000001000023703451  000000000014300000000000000000000000000000000000000000000000000000000000000000000000000000000000000000000000000000000                          0000000000                                                                  000009
102122445950001000000009034510032549PREGTIT29139587104995     000000000000597561010000000000000000000000000902280219000597561000000000000059756101290419000000000400023704144  000000000014300000000000000000000000000000000000000000000000000000000000000000000000000000000000000000000000000000000                          0000000000                                                                  000010
102122445950001000000009034510032549PREGTIT29138321041928     000000000000597563060000000000000000000000000902280219000597563000000000000059756306290419000000000550023704144  000000000014300000000000000000000000000000000000000000000000000000000000000000000000000000000000000000000000000000000                          0000000000                                                                  000011
102122445950001000000009034510032549PREGTIT29138574769376     000000000000597564030000000000000000000000000902280219000597564000000000000059756403290419000000000800023703451  000000000014300000000000000000000000000000000000000000000000000000000000000000000000000000000000000000000000000000000                          0000000000                                                                  000012
102122445950001000000009034510032549PREGTIT29133808312498     000000000000597637360000000000000000000000000902280219000597637300000000000059763736290419000000000400023704144  000000000014300000000000000000000000000000000000000000000000000000000000000000000000000000000000000000000000000000000                          0000000000                                                                  000013
102122445950001000000009034510032549PREGTIT29134519383021     000000000000597639300000000000000000000000000902280219000597639300000000000059763930290419000000000400023704144  000000000014300000000000000000000000000000000000000000000000000000000000000000000000000000000000000000000000000000000                          0000000000                                                                  000014
102122445950001000000009034510032549PREGTIT29138249710765     0000000000005976404P000000000000000000000000090228021900059764040000000000005976404P290419000000001100023704144  000000000014300000000000000000000000000000000000000000000000000000000000000000000000000000000000000000000000000000000                          0000000000                                                                  000015
102122445950001000000009034510032549PREGTIT29135120173336     000000000000597714370000000000000000000000000902280219000597714300000000000059771437290419000000000600023704144  000000000014300000000000000000000000000000000000000000000000000000000000000000000000000000000000000000000000000000000                          0000000000                                                                  000016
102122445950001000000009034510032549PREGTIT29137497475917     0000000000005978749P000000000000000000000000090228021900059787490000000000005978749P290419000000001250023700408  000000000014300000000000000000000000000000000000000000000000000000000000000000000000000000000000000000000000000000000                          0000000000                                                                  000017
102122445950001000000009034510032549PREGTIT29138327022215     000000000000598628230000000000000000000000000902280219000598628200000000000059862823270319000000001966723704144  000000000014300000000000000000000000000000000000000000000000000000000000000000000000000000000000000000000000000000000                          0000000000                                                                  000018
102122445950001000000009034510032549PREGTIT29138327022215     000000000000598628310000000000000000000000000902280219000598628300000000000059862831270419000000001966723704144  000000000014300000000000000000000000000000000000000000000000000000000000000000000000000000000000000000000000000000000                          0000000000                                                                  000019
102122445950001000000009034510032549PREGTIT29149145918451     000000000000598628580000000000000000000000000902280219000598628500000000000059862858150319000000002250023704151  000000000014300000000000000000000000000000000000000000000000000000000000000000000000000000000000000000000000000000000                          0000000000                                                                  000020
102122445950001000000009034510032549PREGTIT29149145918451     000000000000598628660000000000000000000000000902280219000598628600000000000059862866150419000000002250023704151  000000000014300000000000000000000000000000000000000000000000000000000000000000000000000000000000000000000000000000000                          0000000000                                                                  000021
102122445950001000000009034510032549PREGTIT29146284477176     000000000000598628900000000000000000000000000902280219000598628900000000000059862890280319000000000485723704157  000000000014300000000000000000000000000000000000000000000000000000000000000000000000000000000000000000000000000000000                          0000000000                                                                  000022
102122445950001000000009034510032549PREGTIT29146284477176     000000000000598629040000000000000000000000000902280219000598629000000000000059862904280419000000000485723704157  000000000014300000000000000000000000000000000000000000000000000000000000000000000000000000000000000000000000000000000                          0000000000                                                                  000023
102122445950001000000009034510032549PREGTIT29144835344764     000000000000598629200000000000000000000000000902280219000598629200000000000059862920050419000000000485723704157  000000000014300000000000000000000000000000000000000000000000000000000000000000000000000000000000000000000000000000000                          0000000000                                                                  000024
102122445950001000000009034510032549PREGTIT29142285771104     000000000000598629550000000000000000000000000902280219000598629500000000000059862955050419000000000522323704157  000000000014300000000000000000000000000000000000000000000000000000000000000000000000000000000000000000000000000000000                          0000000000                                                                  000025
102122445950001000000009034510032549PREGTIT29147640964662     000000000000598630210000000000000000000000000902280219000598630200000000000059863021300319000000001500023703109  000000000014300000000000000000000000000000000000000000000000000000000000000000000000000000000000000000000000000000000                          0000000000                                                                  000026
102122445950001000000009034510032549PREGTIT29149812593741     000000000000598630640000000000000000000000000902280219000598630600000000000059863064100319000000001000023703109  000000000014300000000000000000000000000000000000000000000000000000000000000000000000000000000000000000000000000000000                          0000000000                                                                  000027
102122445950001000000009034510032549PREGTIT29149812593741     000000000000598630720000000000000000000000000902280219000598630700000000000059863072100419000000001000023703109  000000000014300000000000000000000000000000000000000000000000000000000000000000000000000000000000000000000000000000000                          0000000000                                                                  000028
102122445950001000000009034510032549PREGTIT29164159519899     000000000000598631530000000000000000000000000902280219000598631500000000000059863153100419000000001631723703451  000000000014300000000000000000000000000000000000000000000000000000000000000000000000000000000000000000000000000000000                          0000000000                                                                  000029
102122445950001000000009034510032549PREGTIT29186554623742     000000000000598631880000000000000000000000000902280219000598631800000000000059863188100319000000000699023703451  000000000014300000000000000000000000000000000000000000000000000000000000000000000000000000000000000000000000000000000                          0000000000                                                                  000030
102122445950001000000009034510032549PREGTIT29186554623742     000000000000598631960000000000000000000000000902280219000598631900000000000059863196100419000000000699023703451  000000000014300000000000000000000000000000000000000000000000000000000000000000000000000000000000000000000000000000000                          0000000000                                                                  000031
102122445950001000000009034510032549PREGTIT29187500259495     0000000000005986320P000000000000000000000000090228021900059863200000000000005986320P080319000000003450023704144  000000000014300000000000000000000000000000000000000000000000000000000000000000000000000000000000000000000000000000000                          0000000000                                                                  000032
102122445950001000000009034510032549PREGTIT29187735671682     000000000000598632180000000000000000000000000902280219000598632100000000000059863218150319000000001799923704426  000000000014300000000000000000000000000000000000000000000000000000000000000000000000000000000000000000000000000000000                          0000000000                                                                  000033
102122445950001000000009034510032549PREGTIT29187524703447     000000000000598632850000000000000000000000000902280219000598632800000000000059863285280319000000008333923704426  000000000014300000000000000000000000000000000000000000000000000000000000000000000000000000000000000000000000000000000                          7600000000                                                                  000034
102122445950001000000009034510032549PREGTIT29184178294862     0000000000005986334P000000000000000000000000090228021900059863340000000000005986334P280319000000006444123704426  000000000014300000000000000000000000000000000000000000000000000000000000000000000000000000000000000000000000000000000                          0000000000                                                                  000035
102122445950001000000009034510032549PREGTIT29197655782298     000000000000598633660000000000000000000000000902280219000598633600000000000059863366280319000000004350323704426  000000000014300000000000000000000000000000000000000000000000000000000000000000000000000000000000000000000000000000000                          0000000000                                                                  000036
102122445950001000000009034510032549PREGTIT29193725549185     000000000000598633820000000000000000000000000902280219000598633800000000000059863382150319000000001332123704426  000000000014300000000000000000000000000000000000000000000000000000000000000000000000000000000000000000000000000000000                          0000000000                                                                  000037
102122445950001000000009034510032549PREGTIT29192361447868     000000000000598634390000000000000000000000000902280219000598634300000000000059863439280319000000002696723700408  000000000014300000000000000000000000000000000000000000000000000000000000000000000000000000000000000000000000000000000                          0000000000                                                                  000038
102122445950001000000009034510032549PREGTIT29192361447868     000000000000598634470000000000000000000000000902280219000598634400000000000059863447280419000000002696723700408  000000000014300000000000000000000000000000000000000000000000000000000000000000000000000000000000000000000000000000000                          0000000000                                                                  000039
102122445950001000000009034510032549PREGTIT29201503072020     000000000000598634980000000000000000000000000902280219000598634900000000000059863498260319000000008500023704144  000000000014300000000000000000000000000000000000000000000000000000000000000000000000000000000000000000000000000000000                          7600000000                                                                  000040
102122445950001000000009034510032549PREGTIT29207711395704     000000000000598635010000000000000000000000000902280219000598635000000000000059863501260319000000004947523704144  000000000014300000000000000000000000000000000000000000000000000000000000000000000000000000000000000000000000000000000                          0000000000                                                                  000041
102122445950001000000009034510032549PREGTIT29207581263900     0000000000005986351P000000000000000000000000090228021900059863510000000000005986351P210319000000002035023704144  000000000014300000000000000000000000000000000000000000000000000000000000000000000000000000000000000000000000000000000                          7600000000                                                                  000042
102122445950001000000009034510032549PREGTIT29204326440505     000000000000598635280000000000000000000000000902280219000598635200000000000059863528210319000000003180023704144  000000000014300000000000000000000000000000000000000000000000000000000000000000000000000000000000000000000000000000000                          0000000000                                                                  000043
102122445950001000000009034510032549PREGTIT29203147567506     000000000000598635360000000000000000000000000902280219000598635300000000000059863536100319000000001900023704152  000000000014300000000000000000000000000000000000000000000000000000000000000000000000000000000000000000000000000000000                          0000000000                                                                  000044
102122445950001000000009034510032549PREGTIT29203147567506     000000000000598635440000000000000000000000000902280219000598635400000000000059863544100419000000001900023704152  000000000014300000000000000000000000000000000000000000000000000000000000000000000000000000000000000000000000000000000                          0000000000                                                                  000045
102122445950001000000009034510032549PREGTIT29202249355688     000000000000598635520000000000000000000000000902280219000598635500000000000059863552100319000000003400023704152  000000000014300000000000000000000000000000000000000000000000000000000000000000000000000000000000000000000000000000000                          0000000000                                                                  000046
102122445950001000000009034510032549PREGTIT29202249355688     000000000000598635600000000000000000000000000902280219000598635600000000000059863560100419000000003400023704152  000000000014300000000000000000000000000000000000000000000000000000000000000000000000000000000000000000000000000000000                          0000000000                                                                  000047
102122445950001000000009034510032549PREGTIT29212722207547     000000000000598635790000000000000000000000000902280219000598635700000000000059863579100419000000002000023703109  000000000014300000000000000000000000000000000000000000000000000000000000000000000000000000000000000000000000000000000                          0000000000                                                                  000048
102122445950001000000009034510032549PREGTIT29227647697966     000000000000598636250000000000000000000000000902280219000598636200000000000059863625280319000000000465723704157  000000000014300000000000000000000000000000000000000000000000000000000000000000000000000000000000000000000000000000000                          0000000000                                                                  000049
102122445950001000000009034510032549PREGTIT29227647697966     000000000000598636330000000000000000000000000902280219000598636300000000000059863633280419000000000465723704157  000000000014300000000000000000000000000000000000000000000000000000000000000000000000000000000000000000000000000000000                          0000000000                                                                  000050
102122445950001000000009034510032549PREGTIT29226122313481     0000000000005986365P000000000000000000000000090228021900059863650000000000005986365P200319000000007203823704157  000000000014300000000000000000000000000000000000000000000000000000000000000000000000000000000000000000000000000000000                          0000000000                                                                  000051
102122445950001000000009034510032549PREGTIT29226122313481     000000000000598636680000000000000000000000000902280219000598636600000000000059863668090419000000007203823704157  000000000014300000000000000000000000000000000000000000000000000000000000000000000000000000000000000000000000000000000                          0000000000                                                                  000052
102122445950001000000009034510032549PREGTIT29226122313481     000000000000598636760000000000000000000000000902280219000598636700000000000059863676290419000000007203823704157  000000000014300000000000000000000000000000000000000000000000000000000000000000000000000000000000000000000000000000000                          0000000000                                                                  000053
102122445950001000000009034510032549PREGTIT29226182170415     000000000000598636920000000000000000000000000902280219000598636900000000000059863692010319000000004828423704151  000000000014300000000000000000000000000000000000000000000000000000000000000000000000000000000000000000000000000000000                          0000000000                                                                  000054
102122445950001000000009034510032549PREGTIT29228987601809     000000000000598637060000000000000000000000000902280219000598637000000000000059863706150419000000002790023703451  000000000014300000000000000000000000000000000000000000000000000000000000000000000000000000000000000000000000000000000                          0000000000                                                                  000055
102122445950001000000009034510032549PREGTIT21605684523896     000000000000586817790000000000000000000000000906280219000586817700000000000058681779200119000000001583510401437  000000000000000000000000000000000000000000000000000000000000000000000000000000000000001658000000000007450000000000000   010319             00000000000000                                                                  000056
102122445950001000000009034510032549PREGTIT21609210310528     000000000000588671040000000000000000000000000906280219000588671000000000000058867104200119000000001500010400626  000000000000000000000000000000000000000000000000000000000000000000000000000000000000001569000000000006900000000000000   010319             00000000000000                                                                  000057
102122445950001000000009034510032549PREGTIT24099210310528     000000000000588671120000000000000000000000000906280219000588671100000000000058867112200219000000001500010400626  000000000000000000000000000000000000000000000000000000000000000000000000000000000000001538000000000003800000000000000   010319             00000000000000                                                                  000058
102122445950001000000009034510032549PREGTIT24542053395075     000000000000588711010000000000000000000000000906280219000588711000000000000058871101280219000000001150010402125  000000000000000000000000000000000000000000000000000000000000000000000000000000000000001150000000000000000000000000000   010319             00000000000000                                                                  000059
102122445950001000000009034510032549PREGTIT24096173196501     0000000000005887609P000000000000000000000000090628021900058876090000000000005887609P200219000000002700034107416  000000000000000000000000000000000000000000000000000000000000000000000000000000000000002768400000000006840000000000000   010319             00000000000000                                                                  000060
102122445950001000000009034510032549PREGTIT24543591765156     000000000000589915810000000000000000000000000906280219000589915800000000000058991581010319000000001260010400960  000000000000000000000000000000000000000000000000000000000000000000000000000000000000001260000000000000000000000000000   010319             00000000000000                                                                  000061
102122445950001000000009034510032549PREGTIT23462448652171     000000000000590298380000000000000000000000000906280219000590298300000000000059029838120219000000002956034106513  000000000000000000000000000000000000000000000000000000000000000000000000000000000000003047100000000009110000000000000   010319             00000000000000                                                                  000062
102122445950001000000009034510032549PREGTIT21938207279956     000000000000591753540000000000000000000000000906280219000591753500000000000059175354250119000000001500003300336  000000000000000000000000000000000000000000000000000000000000000000000000000000000000001564000000000006400000000000000   010319             00000000000000                                                                  000063
102122445950001000000009034510032549PREGTIT24328207279956     000000000000591753620000000000000000000000000906280219000591753600000000000059175362250219000000001500003300336  000000000000000000000000000000000000000000000000000000000000000000000000000000000000001533000000000003300000000000000   010319             00000000000000                                                                  000064
102122445950001000000009034510032549PREGTIT26084313784568     000000000000591841590000000000000000000000000906280219000591841500000000000059184159210319000000001000003304337  000000000000000000000000000000000000000000000000000000000000000000000000000000000000001000000000000000000000000000000   010319             00000000000000                                                                  000065
102122445950001000000009034510032549PREGTIT24546621207797     000000000000591925500000000000000000000000000906280219000591925500000000000059192550280219000000003000010404155  000000000000000000000000000000000000000000000000000000000000000000000000000000000000003000000000000000000000000000000   010319             00000000000000                                                                  000066
102122445950001000000009034510032549PREGTIT24328508461217     000000000000592755370000000000000000000000000906280219000592755300000000000059275537250219000000001289510403218  000000000000000000000000000000000000000000000000000000000000000000000000000000000000001317900000000002840000000000000   010319             00000000000000                                                                  000067
102122445950001000000009034510032549PREGTIT24883339031909     000000000000593001590000000000000000000000000906280219000593001500000000000059300159050319000000000800023701711  000000000000000000000000000000000000000000000000000000000000000000000000000000000000000800000000000000000000000000000   010319             00000000000000                                                                  000068
102122445950001000000009034510032549PREGTIT24992949196423     000000000000593155390000000000000000000000000906280219000593155300000000000059315539080319000000000600010404088  000000000000000000000000000000000000000000000000000000000000000000000000000000000000000600000000000000000000000000000   010319             00000000000000                                                                  000069
102122445950001000000009034510032549PREGTIT24545160448099     000000000000594032170000000000000000000000000906280219000594032100000000000059403217280219000000003000000100319  000000000000000000000000000000000000000000000000000000000000000000000000000000000000003000000000000000000000000000000   010319             00000000000000                                                                  000070
102122445950001000000009034510032549PREGTIT24547706828713     000000000000594824780000000000000000000000000906280219000594824700000000000059482478280219000000001500023702405  000000000000000000000000000000000000000000000000000000000000000000000000000000000000001500000000000000000000000000000   010319             00000000000000                                                                  000071
102122445950001000000009034510032549PREGTIT24541873130425     000000000000594994270000000000000000000000000906280219000594994200000000000059499427010319000000002666710400393  000000000000000000000000000000000000000000000000000000000000000000000000000000000000002666700000000000000000000000000   010319             00000000000000                                                                  000072
102122445950001000000009034510032549PREGTIT25218487173107     000000000000595064310000000000000000000000000906280219000595064300000000000059506431100319000000004400010404155  000000000000000000000000000000000000000000000000000000000000000000000000000000000000004400000000000000000000000000000   010319             00000000000000                                                                  000073
102122445950001000000009034510032549PREGTIT20509871213167     000000000000595078020000000000000000000000000906280219000595078000000000000059507802281218000000003645003303525  000000000000000000000000000000000000000000000000000000000000000000000000000000000000004096100000000045110000000000000   010319             00000000000000                                                                  000074
102122445950001000000009034510032549PREGTIT22489871213167     000000000000595078100000000000000000000000000906280219000595078100000000000059507810300119000000003645003303525  000000000000000000000000000000000000000000000000000000000000000000000000000000000000003894800000000024980000000000000   010319             00000000000000                                                                  000075
102122445950001000000009034510032549PREGTIT24549871213167     000000000000595078290000000000000000000000000906280219000595078200000000000059507829280219000000003645003303525  000000000000000000000000000000000000000000000000000000000000000000000000000000000000003645000000000000000000000000000   010319             00000000000000                                                                  000076
102122445950001000000009034510032549PREGTIT24545086863343     000000000000595094730000000000000000000000000906280219000595094700000000000059509473280219000000001166710404524  000000000000000000000000000000000000000000000000000000000000000000000000000000000000001166700000000000000000000000000   010319             00000000000000                                                                  000077
102122445950001000000009034510032549PREGTIT22263621707401     000000000000595122450000000000000000000000000906280219000595122400000000000059512245280119000000001333310400551  000000000000000000000000000000000000000000000000000000000000000000000000000000000000001387800000000005450000000000000   010319             00000000000000                                                                  000078
102122445950001000000009034510032549PREGTIT24543466252154     000000000000595129460000000000000000000000000906280219000595129400000000000059512946280219000000001000023703101  000000000000000000000000000000000000000000000000000000000000000000000000000000000000001000000000000000000000000000000   010319             00000000000000                                                                  000079
102122445950001000000009034510032549PREGTIT24546460598164     000000000000595773550000000000000000000000000906280219000595773500000000000059577355280219000000001250010402928  000000000000000000000000000000000000000000000000000000000000000000000000000000000000001250000000000000000000000000000   010319             00000000000000                                                                  000080
102122445950001000000009034510032549PREGTIT24211588387836     000000000000595813870000000000000000000000000906280219000595813800000000000059581387240219000000002300000100459  000000000000000000000000000000000000000000000000000000000000000000000000000000000000002352000000000005200000000000000   010319             00000000000000                                                                  000081
102122445950001000000009034510032549PREGTIT24546088815385     000000000000595837460000000000000000000000000906280219000595837400000000000059583746280219000000002000034102947  000000000000000000000000000000000000000000000000000000000000000000000000000000000000002000000000000000000000000000000   010319             00000000000000                                                                  000082
102122445950001000000009034510032549PREGTIT24431920776321     000000000000595893610000000000000000000000000906280219000595893600000000000059589361260219000000001100010401695  000000000000000000000000000000000000000000000000000000000000000000000000000000000000001123400000000002340000000000000   010319             00000000000000                                                                  000083
102122445950001000000009034510032549PREGTIT24548693901441     000000000000595950430000000000000000000000000906280219000595950400000000000059595043280219000000003000010403915  000000000000000000000000000000000000000000000000000000000000000000000000000000000000003000000000000000000000000000000   010319             00000000000000                                                                  000084
102122445950001000000009034510032549PREGTIT22647822792790     000000000000596021390000000000000000000000000906280219000596021300000000000059602139101218000000014922500103500  000000000000000000000000000000000000000000000000000000000000000000000000000000000000016012900000000109040000000000000   010319             00000000000000                                                                  000085
102122445950001000000009034510032549PREGTIT24548836940253     0000000000005960624P000000000000000000000000090628021900059606240000000000005960624P280219000000001250010400391  000000000000000000000000000000000000000000000000000000000000000000000000000000000000001250000000000000000000000000000   010319             00000000000000                                                                  000086
102122445950001000000009034510032549PREGTIT23243365586093     000000000000596637150000000000000000000000000906280219000596637100000000000059663715100219000000000587510403753  000000000000000000000000000000000000000000000000000000000000000000000000000000000000000606400000000001890000000000000   010319             00000000000000                                                                  000087
102122445950001000000009034510032549PREGTIT23242915908863     000000000000596665520000000000000000000000000906280219000596665500000000000059666552070119000000001200003303525  000000000000000000000000000000000000000000000000000000000000000000000000000000000000001328000000000012800000000000000   010319             00000000000000                                                                  000088
102122445950001000000009034510032549PREGTIT23391325889999     000000000000596693490000000000000000000000000906280219000596693400000000000059669349280119000000001750023701821  000000000000000000000000000000000000000000000000000000000000000000000000000000000000001822200000000007220000000000000   010319             00000000000000                                                                  000089
102122445950001000000009034510032549PREGTIT24885770488290     000000000000596699180000000000000000000000000906280219000596699100000000000059669918050319000000000574710403753  000000000000000000000000000000000000000000000000000000000000000000000000000000000000000574700000000000000000000000000   010319             00000000000000                                                                  000090
102122445950001000000009034510032549PREGTIT24545907938124     000000000000596719550000000000000000000000000906280219000596719500000000000059671955280219000000001666710404786  000000000000000000000000000000000000000000000000000000000000000000000000000000000000001666700000000000000000000000000   010319             00000000000000                                                                  000091
102122445950001000000009034510032549PREGTIT24097875571602     0000000000005967945P000000000000000000000000090628021900059679450000000000005967945P200219000000003960003303681  000000000000000000000000000000000000000000000000000000000000000000000000000000000000004060000000000010000000000000000   010319             00000000000000                                                                  000092
102122445950001000000009034510032549PREGTIT24544094831111     000000000000596794840000000000000000000000000906280219000596794800000000000059679484280219000000004350010404681  000000000000000000000000000000000000000000000000000000000000000000000000000000000000004350000000000000000000000000000   010319             00000000000000                                                                  000093
102122445950001000000009034510032549PREGTIT24993880599360     000000000000596830580000000000000000000000000906280219000596830500000000000059683058070319000000005666710403557  000000000000000000000000000000000000000000000000000000000000000000000000000000000000005666700000000000000000000000000   010319             00000000000000                                                                  000094
102122445950001000000009034510032549PREGTIT24312763991314     000000000000596886960000000000000000000000000906280219000596886900000000000059688696100119000000015732500103500  000000000000000000000000000000000000000000000000000000000000000000000000000000000000016561600000000082910000000000000   010319             00000000000000                                                                  000095
102122445950001000000009034510032549PREGTIT24884045801928     000000000000596908870000000000000000000000000906280219000596908800000000000059690887050319000000001950003303938  000000000000000000000000000000000000000000000000000000000000000000000000000000000000001950000000000000000000000000000   010319             00000000000000                                                                  000096
102122445950001000000009034510032549PREGTIT25123169103653     000000000000596970670000000000000000000000000906280219000596970600000000000059697067280219000000003959734107444  000000000000000000000000000000000000000000000000000000000000000000000000000000000000003959700000000000000000000000000   010319             00000000000000                                                                  000097
102122445950001000000009034510032549PREGTIT25697338138346     000000000000597572050000000000000000000000000906280219000597572000000000000059757205050319000000002800010401971  000000000000000000000000000000000000000000000000000000000000000000000000000000000000002800000000000000000000000000000   010319             00000000000000                                                                  000098
102122445950001000000009034510032549PREGTIT26106597643428     000000000000597647910000000000000000000000000906280219000597647900000000000059764791010319000000023000023707704  000000000000000000000000000000000000000000000000000000000000000000000000000000000000023000000000000000000000000000000   010319             00000000000000                                                                  000099
102122445950001000000009034510032549PREGTIT26562516391223     000000000000597745090000000000000000000000000906280219000597745000000000000059774509280219000000003626010404441  000000000000000000000000000000000000000000000000000000000000000000000000000000000000003626000000000000000000000000000   010319             00000000000000                                                                  000100
102122445950001000000009034510032549PREGTIT26718284646955     000000000000597766330000000000000000000000000906280219000597766300000000000059776633100219000000014110000103500  000000000000000000000000000000000000000000000000000000000000000000000000000000000000014561400000000045140000000000000   010319             00000000000000                                                                  000101
102122445950001000000009034510032549PREGTIT26716466400908     000000000000597767220000000000000000000000000906280219000597767200000000000059776722280219000000003140700102962  000000000000000000000000000000000000000000000000000000000000000000000000000000000000003140700000000000000000000000000   010319             00000000000000                                                                  000102
102122445950001000000009034510032549PREGTIT26832883003685     000000000000597785630000000000000000000000000906280219000597785600000000000059778563280219000000007414710400436  000000000000000000000000000000000000000000000000000000000000000000000000000000000000007414700000000000000000000000000   010319             00000000000000                                                                  000103
102122445950001000000009034510032549PREGTIT26835855639063     000000000000597785710000000000000000000000000906280219000597785700000000000059778571280219000000004662034105582  000000000000000000000000000000000000000000000000000000000000000000000000000000000000004662000000000000000000000000000   010319             00000000000000                                                                  000104
102122445950001000000009034510032549PREGTIT27432936805917     000000000000597874060000000000000000000000000906280219000597874000000000000059787406300319000000001000010403584  000000000000000000000000000000000000000000000000000000000000000000000000000000000000001000000000000000000000000000000   010319             00000000000000                                                                  000105
102122445950001000000009034510032549PREGTIT27609863099410     000000000000597898910000000000000000000000000906280219000597898900000000000059789891280219000000007210000104255  000000000000000000000000000000000000000000000000000000000000000000000000000000000000007210000000000000000000000000000   010319             00000000000000                                                                  000106
102122445950001000000009034510032549PREGTIT27717401966311     000000000000598415160000000000000000000000000906280219000598415100000000000059841516280219000000001000010400023  000000000000000000000000000000000000000000000000000000000000000000000000000000000000001000000000000000000000000000000   010319             00000000000000                                                                  000107
102122445950001000000009034510032549PREGTIT28535905736382     000000000000598556810000000000000000000000000906280219000598556800000000000059855681050319000000001384034103730  000000000000000000000000000000000000000000000000000000000000000000000000000000000000001384000000000000000000000000000   010319             00000000000000                                                                  000108
102122445950001000000009034510032549PREGTIT28586222459011     000000000000598559910000000000000000000000000906280219000598559900000000000059855991010319000000000840034107184  000000000000000000000000000000000000000000000000000000000000000000000000000000000000000840000000000000000000000000000   010319             00000000000000                                                                  000109
102122445950001000000009034510032549PREGTIT28646333410727     0000000000005985670P000000000000000000000000090628021900059856700000000000005985670P030319000000001800075600001  000000000000000000000000000000000000000000000000000000000000000000000000000000000000001800000000000000000000000000000   010319             00000000000000                                                                  000110
102122445950001000000009034510032549PREGTIT23561443441580     000000000000593734900000000000000000000000000909280219000593734900000000000059373490130219000000000750023704150  000000000000000000000000000000000000000000000000000000000000000000000000000000000000000000000000000000000000000000000                          0000000000                                                                  000111
102122445950001000000009034510032549PREGTIT23566604474973     000000000000593758410000000000000000000000000909280219000593758400000000000059375841150219000000000583323704150  000000000000000000000000000000000000000000000000000000000000000000000000000000000000000000000000000000000000000000000                          0000000000                                                                  000112
102122445950001000000009034510032549PREGTIT22488289845196     000000000000594066820000000000000000000000000909280219000594066800000000000059406682300119000000001000023704150  000000000000000000000000000000000000000000000000000000000000000000000000000000000000000000000000000000000000000000000                          0000000000                                                                  000113
102122445950001000000009034510032549PREGTIT22921693422864     000000000000594687770000000000000000000000000909280219000594687700000000000059468777050219000000001000023704150  000000000000000000000000000000000000000000000000000000000000000000000000000000000000000000000000000000000000000000000                          0000000000                                                                  000114
102122445950001000000009034510032549PREGTIT24881693422864     000000000000594687850000000000000000000000000909280219000594687800000000000059468785050319000000001000023704150  000000000000000000000000000000000000000000000000000000000000000000000000000000000000000000000000000000000000000000000                          0000000000                                                                  000115
102122445950001000000009034510032549PREGTIT24881351711691     000000000000594737380000000000000000000000000909280219000594737300000000000059473738050319000000001700023704150  000000000000000000000000000000000000000000000000000000000000000000000000000000000000000000000000000000000000000000000                          0000000000                                                                  000116
102122445950001000000009034510032549PREGTIT24099816744931     000000000000594853530000000000000000000000000909280219000594853500000000000059485353200219000000000812523704150  000000000000000000000000000000000000000000000000000000000000000000000000000000000000000000000000000000000000000000000                          0000000000                                                                  000117
102122445950001000000009034510032549PREGTIT24543123834501     000000000000595897360000000000000000000000000909280219000595897300000000000059589736270219000000000655523704150  000000000000000000000000000000000000000000000000000000000000000000000000000000000000000000000000000000000000000000000                          0000000000                                                                  000118
102122445950001000000009034510032549PREGTIT24542876566180     000000000000595981580000000000000000000000000909280219000595981500000000000059598158280219000000003518823704150  000000000000000000000000000000000000000000000000000000000000000000000000000000000000000000000000000000000000000000000                          0000000000                                                                  000119
102122445950001000000009034510032549PREGTIT24541657147473     0000000000005966424P000000000000000000000000090928021900059664240000000000005966424P280219000000003250023704150  000000000000000000000000000000000000000000000000000000000000000000000000000000000000000000000000000000000000000000000                          0000000000                                                                  000120
102122445950001000000009034510032549PREGTIT23995642845440     000000000000596724470000000000000000000000000909280219000596724400000000000059672447190219000000001666723704150  000000000000000000000000000000000000000000000000000000000000000000000000000000000000000000000000000000000000000000000                          0000000000                                                                  000121
102122445950001000000009034510032549PREGTIT23805659773527     0000000000005967976P000000000000000000000000090928021900059679760000000000005967976P050219000000002800023704150  000000000000000000000000000000000000000000000000000000000000000000000000000000000000000000000000000000000000000000000                          0000000000                                                                  000122
102122445950001000000009034510032549PREGTIT25216463674613     000000000000596881490000000000000000000000000909280219000596881400000000000059688149100319000000001133423704150  000000000000000000000000000000000000000000000000000000000000000000000000000000000000000000000000000000000000000000000                          0000000000                                                                  000123
102122445950001000000009034510032549PREGTIT24545671950975     000000000000596913950000000000000000000000000909280219000596913900000000000059691395150219000000000792323704150  000000000000000000000000000000000000000000000000000000000000000000000000000000000000000000000000000000000000000000000                          0000000000                                                                  000124
102122445950001000000009034510032549PREGTIT25545671950975     000000000000596914090000000000000000000000000909280219000596914000000000000059691409150319000000000792323704150  000000000000000000000000000000000000000000000000000000000000000000000000000000000000000000000000000000000000000000000                          0000000000                                                                  000125
102122445950001000000009034510032549PREGTIT28035671950975     000000000000596914170000000000000000000000000909280219000596914100000000000059691417150419000000000792323704150  000000000000000000000000000000000000000000000000000000000000000000000000000000000000000000000000000000000000000000000                          0000000000                                                                  000126
102122445950001000000009034510032549PREGTIT25175188663804     000000000000596978490000000000000000000000000909280219000596978400000000000059697849080219000000000937523704150  000000000000000000000000000000000000000000000000000000000000000000000000000000000000000000000000000000000000000000000                          0000000000                                                                  000127
102122445950001000000009034510032549PREGTIT26683688549026     0000000000005977620P000000000000000000000000090928021900059776200000000000005977620P150219000000001200023704150  000000000000000000000000000000000000000000000000000000000000000000000000000000000000000000000000000000000000000000000                          0000000000                                                                  000128
102122445950001000000009034510032549PREGTIT28228225249457     000000000000598499910000000000000000000000000909280219000598499900000000000059849991050319000000001600023704150  000000000000000000000000000000000000000000000000000000000000000000000000000000000000000000000000000000000000000000000                          0000000000                                                                  000129
102122445950001000000009034510032549PREGTIT28932262225399     000000000000598602510000000000000000000000000909280219000598602500000000000059860251020319000000002100023704150  000000000000000000000000000000000000000000000000000000000000000000000000000000000000000000000000000000000000000000000                          0000000000                                                                  000130
102122445950001000000009034510032549P                         000000000000592097550000000000000000000000000917280219          00000000000059209755000000000000003400023702646  000000000000000000000000000000000000000000000000000000000000000000000000000000000000003400000000000000000000000000000   010319                 0000000000                                                                  000131
102122445950001000000009034510032549PREGTIT29138385510672     0000000000005863620P000000000000000000000000092728021900058636200000000000005863620P110219000000005000023700000  000000000000000000000000000000000000000000000000000000000000000000000000000000000000000000000000000000000000000000000                          6000000000                                                                  000132
102122445950001000000009034510032549PREGTIT29135914858194     000000000000589853870000000000000000000000000927280219000589853800000000000058985387230219000000003700023700000  000000000000000000000000000000000000000000000000000000000000000000000000000000000000000000000000000000000000000000000                          6000000000                                                                  000133
102122445950001000000009034510032549PREGTIT29133653346105     0000000000005909026P000000000000000000000000092728021900059090260000000000005909026P130219000000001000023700000  000000000000000000000000000000000000000000000000000000000000000000000000000000000000000000000000000000000000000000000                          6000000000                                                                  000134
102122445950001000000009034510032549PREGTIT29138417550168     000000000000591054610000000000000000000000000927280219000591054600000000000059105461100219000000004200023700000  000000000000000000000000000000000000000000000000000000000000000000000000000000000000000000000000000000000000000000000                          6000000000                                                                  000135
102122445950001000000009034510032549PREGTIT29135901909780     000000000000591862590000000000000000000000000927280219000591862500000000000059186259250219000000004000023700000  000000000000000000000000000000000000000000000000000000000000000000000000000000000000000000000000000000000000000000000                          6000000000                                                                  000136
102122445950001000000009034510032549PREGTIT29135901909780     000000000000591862670000000000000000000000000927280219000591862600000000000059186267250319000000004000023700000  000000000000000000000000000000000000000000000000000000000000000000000000000000000000000000000000000000000000000000000                          6000000000                                                                  000137
102122445950001000000009034510032549PREGTIT29134614937831     000000000000591990240000000000000000000000000927280219000591990200000000000059199024050219000000004000023700000  000000000000000000000000000000000000000000000000000000000000000000000000000000000000000000000000000000000000000000000                          6000000000                                                                  000138
102122445950001000000009034510032549PREGTIT29138072119152     000000000000592107290000000000000000000000000927280219000592107200000000000059210729100219000000002575023700000  000000000000000000000000000000000000000000000000000000000000000000000000000000000000000000000000000000000000000000000                          6000000000                                                                  000139
102122445950001000000009034510032549PREGTIT29131683602192     000000000000592616840000000000000000000000000927280219000592616800000000000059261684250219000000001400023700000  000000000000000000000000000000000000000000000000000000000000000000000000000000000000000000000000000000000000000000000                          6000000000                                                                  000140
102122445950001000000009034510032549PREGTIT29136871869990     000000000000592774080000000000000000000000000927280219000592774000000000000059277408200219000000000833523700000  000000000000000000000000000000000000000000000000000000000000000000000000000000000000000000000000000000000000000000000                          6000000000                                                                  000141
102122445950001000000009034510032549PREGTIT29138466631894     0000000000005928336P000000000000000000000000092728021900059283360000000000005928336P280219000000001000023700000  000000000000000000000000000000000000000000000000000000000000000000000000000000000000000000000000000000000000000000000                          6000000000                                                                  000142
102122445950001000000009034510032549PREGTIT29137533377317     0000000000005929714P000000000000000000000000092728021900059297140000000000005929714P100219000000001000023700000  000000000000000000000000000000000000000000000000000000000000000000000000000000000000000000000000000000000000000000000                          6000000000                                                                  000143
102122445950001000000009034510032549PREGTIT29137226581217     000000000000593059910000000000000000000000000927280219000593059900000000000059305991080319000000000521023700000  000000000000000000000000000000000000000000000000000000000000000000000000000000000000000000000000000000000000000000000                          6000000000                                                                  000144
102122445950001000000009034510032549PREGTIT29136711769166     000000000000593124240000000000000000000000000927280219000593124200000000000059312424050219000000001062523700000  000000000000000000000000000000000000000000000000000000000000000000000000000000000000000000000000000000000000000000000                          6000000000                                                                  000145
102122445950001000000009034510032549PREGTIT29133692904313     000000000000593154740000000000000000000000000927280219000593154700000000000059315474150219000000001220023700000  000000000000000000000000000000000000000000000000000000000000000000000000000000000000000000000000000000000000000000000                          6000000000                                                                  000146
102122445950001000000009034510032549PREGTIT29136879843241     000000000000593174500000000000000000000000000927280219000593174500000000000059317450220219000000000765423700000  000000000000000000000000000000000000000000000000000000000000000000000000000000000000000000000000000000000000000000000                          6000000000                                                                  000147
102122445950001000000009034510032549PREGTIT29131917146543     000000000000593689500000000000000000000000000927280219000593689500000000000059368950200219000000008973523700000  000000000000000000000000000000000000000000000000000000000000000000000000000000000000000000000000000000000000000000000                          6000000000                                                                  000148
102122445950001000000009034510032549PREGTIT29131467047197     000000000000593712500000000000000000000000000927280219000593712500000000000059371250200219000000001220023700000  000000000000000000000000000000000000000000000000000000000000000000000000000000000000000000000000000000000000000000000                          6000000000                                                                  000149
102122445950001000000009034510032549PREGTIT29181443441580     000000000000593734900000000000000000000000000927280219000593734900000000000059373490130219000000000750023700000  000000000000000000000000000000000000000000000000000000000000000000000000000000000000000000000000000000000000000000000                          6000000000                                                                  000150
102122445950001000000009034510032549PREGTIT29196604474973     000000000000593758410000000000000000000000000927280219000593758400000000000059375841150219000000000583323700000  000000000000000000000000000000000000000000000000000000000000000000000000000000000000000000000000000000000000000000000                          6000000000                                                                  000151
102122445950001000000009034510032549PREGTIT29168289845196     000000000000594066820000000000000000000000000927280219000594066800000000000059406682300119000000001000023700000  000000000000000000000000000000000000000000000000000000000000000000000000000000000000000000000000000000000000000000000                          6000000000                                                                  000152
102122445950001000000009034510032549PREGTIT29191693422864     000000000000594687770000000000000000000000000927280219000594687700000000000059468777050219000000001000023700000  000000000000000000000000000000000000000000000000000000000000000000000000000000000000000000000000000000000000000000000                          6000000000                                                                  000153
102122445950001000000009034510032549PREGTIT29191693422864     000000000000594687850000000000000000000000000927280219000594687800000000000059468785050319000000001000023700000  000000000000000000000000000000000000000000000000000000000000000000000000000000000000000000000000000000000000000000000                          6000000000                                                                  000154
102122445950001000000009034510032549PREGTIT29141351711691     000000000000594737380000000000000000000000000927280219000594737300000000000059473738050319000000001700023700000  000000000000000000000000000000000000000000000000000000000000000000000000000000000000000000000000000000000000000000000                          6000000000                                                                  000155
102122445950001000000009034510032549PREGTIT29199816744931     000000000000594853530000000000000000000000000927280219000594853500000000000059485353200219000000000812523700000  000000000000000000000000000000000000000000000000000000000000000000000000000000000000000000000000000000000000000000000                          6000000000                                                                  000156
102122445950001000000009034510032549PREGTIT29135712777864     000000000000594884090000000000000000000000000927280219000594884000000000000059488409260219000000003400023700000  000000000000000000000000000000000000000000000000000000000000000000000000000000000000000000000000000000000000000000000                          6000000000                                                                  000157
102122445950001000000009034510032549PREGTIT29131425018989     000000000000595003870000000000000000000000000927280219000595003800000000000059500387280219000000001083323700000  000000000000000000000000000000000000000000000000000000000000000000000000000000000000000000000000000000000000000000000                          6000000000                                                                  000158
102122445950001000000009034510032549PREGTIT29139817958296     000000000000595818670000000000000000000000000927280219000595818600000000000059581867220219000000000660023700000  000000000000000000000000000000000000000000000000000000000000000000000000000000000000000000000000000000000000000000000                          6000000000                                                                  000159
102122445950001000000009034510032549PREGTIT29136780050372     000000000000595860950000000000000000000000000927280219000595860900000000000059586095220219000000005000023700000  000000000000000000000000000000000000000000000000000000000000000000000000000000000000000000000000000000000000000000000                          6000000000                                                                  000160
102122445950001000000009034510032549PREGTIT29134669330823     0000000000005958887P000000000000000000000000092728021900059588870000000000005958887P260219000000001095023700000  000000000000000000000000000000000000000000000000000000000000000000000000000000000000000000000000000000000000000000000                          6000000000                                                                  000161
102122445950001000000009034510032549PREGTIT29203123834501     000000000000595897360000000000000000000000000927280219000595897300000000000059589736270219000000000655523700000  000000000000000000000000000000000000000000000000000000000000000000000000000000000000000000000000000000000000000000000                          6000000000                                                                  000162
102122445950001000000009034510032549PREGTIT29172876566180     000000000000595981580000000000000000000000000927280219000595981500000000000059598158280219000000003518823700000  000000000000000000000000000000000000000000000000000000000000000000000000000000000000000000000000000000000000000000000                          6000000000                                                                  000163
102122445950001000000009034510032549PREGTIT29133163387150     000000000000596060960000000000000000000000000927280219000596060900000000000059606096270219000000003251623700000  000000000000000000000000000000000000000000000000000000000000000000000000000000000000000000000000000000000000000000000                          6000000000                                                                  000164
102122445950001000000009034510032549PREGTIT29161657147473     0000000000005966424P000000000000000000000000092728021900059664240000000000005966424P280219000000003250023700000  000000000000000000000000000000000000000000000000000000000000000000000000000000000000000000000000000000000000000000000                          6000000000                                                                  000165
102122445950001000000009034510032549PREGTIT29137561714752     000000000000596717180000000000000000000000000927280219000596717100000000000059671718270219000000000441023700000  000000000000000000000000000000000000000000000000000000000000000000000000000000000000000000000000000000000000000000000                          6000000000                                                                  000166
102122445950001000000009034510032549PREGTIT29205642845440     000000000000596724470000000000000000000000000927280219000596724400000000000059672447190219000000001666723700000  000000000000000000000000000000000000000000000000000000000000000000000000000000000000000000000000000000000000000000000                          6000000000                                                                  000167
102122445950001000000009034510032549PREGTIT29135550238837     000000000000596758370000000000000000000000000927280219000596758300000000000059675837170219000000001240023700000  000000000000000000000000000000000000000000000000000000000000000000000000000000000000000000000000000000000000000000000                          6000000000                                                                  000168
102122445950001000000009034510032549PREGTIT29133807836973     000000000000596775970000000000000000000000000927280219000596775900000000000059677597150219000000000950023700000  000000000000000000000000000000000000000000000000000000000000000000000000000000000000000000000000000000000000000000000                          6000000000                                                                  000169
102122445950001000000009034510032549PREGTIT29155659773527     0000000000005967976P000000000000000000000000092728021900059679760000000000005967976P050219000000002800023700000  000000000000000000000000000000000000000000000000000000000000000000000000000000000000000000000000000000000000000000000                          6000000000                                                                  000170
102122445950001000000009034510032549PREGTIT29131943262529     000000000000596823610000000000000000000000000927280219000596823600000000000059682361150219000000002300023700000  000000000000000000000000000000000000000000000000000000000000000000000000000000000000000000000000000000000000000000000                          6000000000                                                                  000171
102122445950001000000009034510032549PREGTIT29135044091952     000000000000596828680000000000000000000000000927280219000596828600000000000059682868210219000000001500023700000  000000000000000000000000000000000000000000000000000000000000000000000000000000000000000000000000000000000000000000000                          6000000000                                                                  000172
102122445950001000000009034510032549PREGTIT29155671950975     000000000000596913950000000000000000000000000927280219000596913900000000000059691395150219000000000792323700000  000000000000000000000000000000000000000000000000000000000000000000000000000000000000000000000000000000000000000000000                          6000000000                                                                  000173
102122445950001000000009034510032549PREGTIT29155671950975     000000000000596914090000000000000000000000000927280219000596914000000000000059691409150319000000000792323700000  000000000000000000000000000000000000000000000000000000000000000000000000000000000000000000000000000000000000000000000                          6000000000                                                                  000174
102122445950001000000009034510032549PREGTIT29155671950975     000000000000596914170000000000000000000000000927280219000596914100000000000059691417150419000000000792323700000  000000000000000000000000000000000000000000000000000000000000000000000000000000000000000000000000000000000000000000000                          6000000000                                                                  000175
102122445950001000000009034510032549PREGTIT29136103792447     0000000000005969386P000000000000000000000000092728021900059693860000000000005969386P010319000000006000023700000  000000000000000000000000000000000000000000000000000000000000000000000000000000000000000000000000000000000000000000000                          6000000000                                                                  000176
102122445950001000000009034510032549PREGTIT29205188663804     000000000000596978490000000000000000000000000927280219000596978400000000000059697849080219000000000937523700000  000000000000000000000000000000000000000000000000000000000000000000000000000000000000000000000000000000000000000000000                          6000000000                                                                  000177
102122445950001000000009034510032549PREGTIT29138657392979     000000000000596981360000000000000000000000000927280219000596981300000000000059698136080219000000001064123700000  000000000000000000000000000000000000000000000000000000000000000000000000000000000000000000000000000000000000000000000                          6000000000                                                                  000178
102122445950001000000009034510032549PREGTIT29136429976324     000000000000597007420000000000000000000000000927280219000597007400000000000059700742120219000000003668123700000  000000000000000000000000000000000000000000000000000000000000000000000000000000000000000000000000000000000000000000000                          6000000000                                                                  000179
102122445950001000000009034510032549PREGTIT29133886433016     000000000000597611640000000000000000000000000927280219000597611600000000000059761164170219000000000754023700000  000000000000000000000000000000000000000000000000000000000000000000000000000000000000000000000000000000000000000000000                          6000000000                                                                  000180
102122445950001000000009034510032549PREGTIT29132234864959     000000000000597760800000000000000000000000000927280219000597760800000000000059776080280219000000000890023700000  000000000000000000000000000000000000000000000000000000000000000000000000000000000000000000000000000000000000000000000                          6000000000                                                                  000181
102122445950001000000009034510032549PREGTIT29173688549026     0000000000005977620P000000000000000000000000092728021900059776200000000000005977620P150219000000001200023700000  000000000000000000000000000000000000000000000000000000000000000000000000000000000000000000000000000000000000000000000                          6000000000                                                                  000182
102122445950001000000009034510032549PREGTIT29133804818044     000000000000597781800000000000000000000000000927280219000597781800000000000059778180200219000000000765723700000  000000000000000000000000000000000000000000000000000000000000000000000000000000000000000000000000000000000000000000000                          6000000000                                                                  000183
102122445950001000000009034510032549PREGTIT29135422234406     000000000000597787760000000000000000000000000927280219000597787700000000000059778776010219000000011453223700000  000000000000000000000000000000000000000000000000000000000000000000000000000000000000000000000000000000000000000000000                          6000000000                                                                  000184
102122445950001000000009034510032549PREGTIT29136032298360     000000000000597904900000000000000000000000000927280219000597904900000000000059790490200219000000012000023700000  000000000000000000000000000000000000000000000000000000000000000000000000000000000000000000000000000000000000000000000                          6000000000                                                                  000185
102122445950001000000009034510032549PREGTIT29136862620152     000000000000598473360000000000000000000000000927280219000598473300000000000059847336200319000000001227323700000  000000000000000000000000000000000000000000000000000000000000000000000000000000000000000000000000000000000000000000000                          6000000000                                                                  000186
102122445950001000000009034510032549PREGTIT29208225249457     000000000000598499910000000000000000000000000927280219000598499900000000000059849991050319000000001600023700000  000000000000000000000000000000000000000000000000000000000000000000000000000000000000000000000000000000000000000000000                          6000000000                                                                  000187
102122445950001000000009034510032549PREGTIT29131736402333     000000000000598516940000000000000000000000000927280219000598516900000000000059851694220419000000004352123700000  000000000000000000000000000000000000000000000000000000000000000000000000000000000000000000000000000000000000000000000                          6000000000                                                                  000188
102122445950001000000009034510032549PREGTIT29152262225399     000000000000598602510000000000000000000000000927280219000598602500000000000059860251020319000000002100023700000  000000000000000000000000000000000000000000000000000000000000000000000000000000000000000000000000000000000000000000000                          6000000000                                                                  000189
9201237          000113780000026492228800000595          00054000001280124000001915356000550000018754840002000000028084600000000000000000000000000000000000000000000000000000000000000000000                                                                                                                                                                              00000000000000000000000         000190
