02RETORNO01COBRANCA       00000000000004972103WC SISTEMAS E EQUIPAMENTOS DE 237BRADESCO       2503190160000000572                                                                                                                                                                                                                                                                          260319         000001
1020874591800017100000090345100240370REGTIT26501903000073     000000000000598781420000000000000000000000000903250319190300007300000000000059878142290319000000000049523704144  000000000000000000000000000000000000000000000000000000000000000000000000000000000000000000000000000000000000000000000                          4600000000                                                                  000002
1020874591800017100000090345100240370REGTIT26501903000764     000000000000598782150000000000000000000000000903250319190300076400000000000059878215290319000000046820623704144  000000000000000000000000000000000000000000000000000000000000000000000000000000000000000000000000000000000000000000000                          4600000000                                                                  000003
1020874591800017100000090345100240370REGTIT20751812048296     000000000000596120880000000000000000000000000906250319181204829600000000000059612088281218000000004289023703286  000000000000000000000000000000000000000000000000000000000000000000000000000000000000004931500000000064250000000000000   260319066          00000000000000                                                                  000004
1020874591800017100000090345100240370REGTIT22981901048296     000000000000597080180000000000000000000000000906250319190104829600000000000059708018300119000000002294023703286  000000000000000000000000000000000000000000000000000000000000000000000000000000000000002523400000000022940000000000000   260319066          00000000000000                                                                  000005
1020874591800017100000090345100240370REGTIT24411902048296     000000000000597963590000000000000000000000000906250319190204829600000000000059796359280219000000002294023703286  000000000000000000000000000000000000000000000000000000000000000000000000000000000000002424800000000013080000000000000   260319066          00000000000000                                                                  000006
1020874591800017100000090345100240370REGTIT24411902050366     000000000000597966340000000000000000000000000906250319190205036600000000000059796634280219000000004129004100163  000000000000000000000000000000000000000000000000000000000000000000000000000000000000004366500000000023750000000000000   260319078          00000000000000                                                                  000007
1020874591800017100000090345100240370REGTIT24411902056878     000000000000597977380000000000000000000000000906250319190205687800000000000059797738280219000000002429010402442  000000000000000000000000000000000000000000000000000000000000000000000000000000000000002567500000000013850000000000000   260319078          00000000000000                                                                  000008
1020874591800017100000090345100240370REGTIT24411902057428     0000000000005979786P000000000000000000000000090625031919020574280000000000005979786P280219000000001928034101689  000000000000000000000000000000000000000000000000000000000000000000000000000000000000002039000000000011100000000000000   260319078          00000000000000                                                                  000009
1020874591800017100000090345100240370REGTIT24411902060985     000000000000597991530000000000000000000000000906250319190206098500000000000059799153280219000000001778010403194  000000000000000000000000000000000000000000000000000000000000000000000000000000000000001881000000000010300000000000000   260319078          00000000000000                                                                  000010
1020874591800017100000090345100240370REGTIT24411902065313     000000000000598039830000000000000000000000000906250319190206531300000000000059803983280219000000001748010400373  000000000000000000000000000000000000000000000000000000000000000000000000000000000000001847900000000009990000000000000   260319078          00000000000000                                                                  000011
1020874591800017100000090345100240370REGTIT24411902067017     000000000000598103190000000000000000000000000906250319190206701700000000000059810319280219000000001258023702383  000000000000000000000000000000000000000000000000000000000000000000000000000000000000001330600000000007260000000000000   260319035          00000000000000                                                                  000012
1020874591800017100000090345100240370REGTIT24411902067137     0000000000005981084P000000000000000000000000090625031919020671370000000000005981084P280219000000001249023702383  000000000000000000000000000000000000000000000000000000000000000000000000000000000000001321400000000007240000000000000   260319035          00000000000000                                                                  000013
1020874591800017100000090345100240370REGTIT24411902067564     000000000000598126990000000000000000000000000906250319190206756400000000000059812699280219000000001665003300950  000000000000000000000000000000000000000000000000000000000000000000000000000000000000001760800000000009580000000000000   260319078          00000000000000                                                                  000014
1020874591800017100000090345100240370REGTIT24411902068369     000000000000598152640000000000000000000000000906250319190206836900000000000059815264280219000000001448034103835  000000000000000000000000000000000000000000000000000000000000000000000000000000000000001531900000000008390000000000000   260319078          00000000000000                                                                  000015
1020874591800017100000090345100240370REGTIT24411902068610     000000000000598159730000000000000000000000000906250319190206861000000000000059815973280219000000001516934106821  000000000000000000000000000000000000000000000000000000000000000000000000000000000000001604700000000008780000000000000   260319078          00000000000000                                                                  000016
1020874591800017100000090345100240370REGTIT24411902068831     000000000000598166860000000000000000000000000906250319190206883100000000000059816686280219000000001446023702995  000000000000000000000000000000000000000000000000000000000000000000000000000000000000001529900000000008390000000000000   260319035          00000000000000                                                                  000017
1020874591800017100000090345100240370REGTIT24411902070174     000000000000598211320000000000000000000000000906250319190207017400000000000059821132280219000000001198003300808  000000000000000000000000000000000000000000000000000000000000000000000000000000000000001266900000000006890000000000000   260319078          00000000000000                                                                  000018
1020874591800017100000090345100240370REGTIT24411902070224     000000000000598213450000000000000000000000000906250319190207022400000000000059821345280219000000000999010401282  000000000000000000000000000000000000000000000000000000000000000000000000000000000000001056400000000005740000000000000   260319078          00000000000000                                                                  000019
1020874591800017100000090345100240370REGTIT24411902071327     000000000000598266300000000000000000000000000906250319190207132700000000000059826630280219000000000998010401630  000000000000000000000000000000000000000000000000000000000000000000000000000000000000001055400000000005740000000000000   260319078          00000000000000                                                                  000020
1020874591800017100000090345100240370REGTIT24411902071363     000000000000598268780000000000000000000000000906250319190207136300000000000059826878280219000000000998034100566  000000000000000000000000000000000000000000000000000000000000000000000000000000000000001055400000000005740000000000000   260319078          00000000000000                                                                  000021
1020874591800017100000090345100240370REGTIT24411902071666     0000000000005982879P000000000000000000000000090625031919020716660000000000005982879P280219000000000998010400403  000000000000000000000000000000000000000000000000000000000000000000000000000000000000001055400000000005740000000000000   260319078          00000000000000                                                                  000022
1020874591800017100000090345100240370REGTIT24411902071866     000000000000598301150000000000000000000000000906250319190207186600000000000059830115280219000000000998023705755  000000000000000000000000000000000000000000000000000000000000000000000000000000000000001055400000000005740000000000000   260319035          00000000000000                                                                  000023
1020874591800017100000090345100240370REGTIT24411902071934     000000000000598306620000000000000000000000000906250319190207193400000000000059830662280219000000000828003302102  000000000000000000000000000000000000000000000000000000000000000000000000000000000000000874500000000004650000000000000   260319078          00000000000000                                                                  000024
1020874591800017100000090345100240370REGTIT24411902071968     000000000000598308910000000000000000000000000906250319190207196800000000000059830891280219000000000998010403493  000000000000000000000000000000000000000000000000000000000000000000000000000000000000001055400000000005740000000000000   260319078          00000000000000                                                                  000025
1020874591800017100000090345100240370REGTIT24411902071976     000000000000598309720000000000000000000000000906250319190207197600000000000059830972280219000000000998034103703  000000000000000000000000000000000000000000000000000000000000000000000000000000000000001055400000000005740000000000000   260319078          00000000000000                                                                  000026
1020874591800017100000090345100240370REGTIT24411902072281     000000000000598331220000000000000000000000000906250319190207228100000000000059833122280219000000000998010401266  000000000000000000000000000000000000000000000000000000000000000000000000000000000000001055400000000005740000000000000   260319078          00000000000000                                                                  000027
1020874591800017100000090345100240370REGTIT24411902072627     000000000000598358340000000000000000000000000906250319190207262700000000000059835834280219000000000998003300812  000000000000000000000000000000000000000000000000000000000000000000000000000000000000001055400000000005740000000000000   260319078          00000000000000                                                                  000028
1020874591800017100000090345100240370REGTIT24411902072878     000000000000598380860000000000000000000000000906250319190207287800000000000059838086280219000000000998074807222  000000000000000000000000000000000000000000000000000000000000000000000000000000000000001055400000000005740000000000000   260319078          00000000000000                                                                  000029
1020874591800017100000090345100240370REGTIT26211903003233     000000000000598783470000000000000000000000000906250319190300323300000000000059878347290319000000001698034108717  000000000000000000000000000000000000000000000000000000000000000000000000000000000000001698000000000000000000000000000   260319078          00000000000000                                                                  000030
1020874591800017100000090345100240370REGTIT26211903008385     000000000000598788780000000000000000000000000906250319190300838500000000000059878878290319000000003894634101591  000000000000000000000000000000000000000000000000000000000000000000000000000000000000003894600000000000000000000000000   260319078          00000000000000                                                                  000031
1020874591800017100000090345100240370REGTIT26211903009339     000000000000598789320000000000000000000000000906250319190300933900000000000059878932290319000000001443610403830  000000000000000000000000000000000000000000000000000000000000000000000000000000000000001443600000000000000000000000000   260319078          00000000000000                                                                  000032
1020874591800017100000090345100240370REGTIT26211903013982     000000000000598794240000000000000000000000000906250319190301398200000000000059879424290319000000004151023700128  000000000000000000000000000000000000000000000000000000000000000000000000000000000000004151000000000000000000000000000   260319035          00000000000000                                                                  000033
1020874591800017100000090345100240370REGTIT26211903016782     000000000000598795990000000000000000000000000906250319190301678200000000000059879599290319000000003940074801291  000000000000000000000000000000000000000000000000000000000000000000000000000000000000003940000000000000000000000000000   260319078          00000000000000                                                                  000034
1020874591800017100000090345100240370REGTIT26211903020969     000000000000598798660000000000000000000000000906250319190302096900000000000059879866290319000000002416823701364  000000000000000000000000000000000000000000000000000000000000000000000000000000000000002416800000000000000000000000000   260319074          00000000000000                                                                  000035
1020874591800017100000090345100240370REGTIT26211903021717     000000000000598799470000000000000000000000000906250319190302171700000000000059879947290319000000002400010402204  000000000000000000000000000000000000000000000000000000000000000000000000000000000000002400000000000000000000000000000   260319078          00000000000000                                                                  000036
1020874591800017100000090345100240370REGTIT26211903025227     000000000000598802950000000000000000000000000906250319190302522700000000000059880295290319000000001350010400514  000000000000000000000000000000000000000000000000000000000000000000000000000000000000001350000000000000000000000000000   260319078          00000000000000                                                                  000037
1020874591800017100000090345100240370REGTIT26211903028420     000000000000598806350000000000000000000000000906250319190302842000000000000059880635290319000000002719074801400  000000000000000000000000000000000000000000000000000000000000000000000000000000000000002719000000000000000000000000000   260319078          00000000000000                                                                  000038
1020874591800017100000090345100240370REGTIT26211903031773     000000000000598808130000000000000000000000000906250319190303177300000000000059880813290319000000002420200103184  000000000000000000000000000000000000000000000000000000000000000000000000000000000000002420200000000000000000000000000   260319078          00000000000000                                                                  000039
1020874591800017100000090345100240370REGTIT26211903034552     000000000000598811350000000000000000000000000906250319190303455200000000000059881135290319000000002701500100921  000000000000000000000000000000000000000000000000000000000000000000000000000000000000002701500000000000000000000000000   260319078          00000000000000                                                                  000040
1020874591800017100000090345100240370REGTIT26211903042299     000000000000598818950000000000000000000000000906250319190304229900000000000059881895290319000000002278034102778  000000000000000000000000000000000000000000000000000000000000000000000000000000000000002278000000000000000000000000000   260319078          00000000000000                                                                  000041
1020874591800017100000090345100240370REGTIT26211903042786     0000000000005988200P000000000000000000000000090625031919030427860000000000005988200P290319000000009975974807397  000000000000000000000000000000000000000000000000000000000000000000000000000000000000009975900000000000000000000000000   260319078          00000000000000                                                                  000042
1020874591800017100000090345100240370REGTIT26211903046910     000000000000598824680000000000000000000000000906250319190304691000000000000059882468290319000000001149010400424  000000000000000000000000000000000000000000000000000000000000000000000000000000000000001149000000000000000000000000000   260319078          00000000000000                                                                  000043
1020874591800017100000090345100240370REGTIT26211903047007     000000000000598824920000000000000000000000000906250319190304700700000000000059882492290319000000000998034100942  000000000000000000000000000000000000000000000000000000000000000000000000000000000000000998000000000000000000000000000   260319078          00000000000000                                                                  000044
1020874591800017100000090345100240370REGTIT26211903047428     000000000000598825650000000000000000000000000906250319190304742800000000000059882565290319000000002478510400764  000000000000000000000000000000000000000000000000000000000000000000000000000000000000002478500000000000000000000000000   260319078          00000000000000                                                                  000045
1020874591800017100000090345100240370REGTIT26211903049165     000000000000598826890000000000000000000000000906250319190304916500000000000059882689290319000000002038074801449  000000000000000000000000000000000000000000000000000000000000000000000000000000000000002038000000000000000000000000000   260319078          00000000000000                                                                  000046
1020874591800017100000090345100240370REGTIT26211903049495     000000000000598827350000000000000000000000000906250319190304949500000000000059882735290319000000002294075603008  000000000000000000000000000000000000000000000000000000000000000000000000000000000000002294000000000000000000000000000   260319078          00000000000000                                                                  000047
1020874591800017100000090345100240370REGTIT26211903049663     0000000000005988276P000000000000000000000000090625031919030496630000000000005988276P290319000000002510010400527  000000000000000000000000000000000000000000000000000000000000000000000000000000000000002510000000000000000000000000000   260319078          00000000000000                                                                  000048
1020874591800017100000090345100240370REGTIT26211903050359     000000000000598829050000000000000000000000000906250319190305035900000000000059882905290319000000002937574805546  000000000000000000000000000000000000000000000000000000000000000000000000000000000000002937500000000000000000000000000   260319078          00000000000000                                                                  000049
1020874591800017100000090345100240370REGTIT26211903051818     000000000000598830810000000000000000000000000906250319190305181800000000000059883081290319000000002278810404040  000000000000000000000000000000000000000000000000000000000000000000000000000000000000002278800000000000000000000000000   260319078          00000000000000                                                                  000050
1020874591800017100000090345100240370REGTIT26211903052002     000000000000598831540000000000000000000000000906250319190305200200000000000059883154290319000000001944000100743  000000000000000000000000000000000000000000000000000000000000000000000000000000000000001944000000000000000000000000000   260319078          00000000000000                                                                  000051
1020874591800017100000090345100240370REGTIT26211903056417     000000000000598839280000000000000000000000000906250319190305641700000000000059883928290319000000001928010402079  000000000000000000000000000000000000000000000000000000000000000000000000000000000000001928000000000000000000000000000   260319078          00000000000000                                                                  000052
1020874591800017100000090345100240370REGTIT26211903056495     000000000000598839440000000000000000000000000906250319190305649500000000000059883944290319000000001562034103703  000000000000000000000000000000000000000000000000000000000000000000000000000000000000001562000000000000000000000000000   260319078          00000000000000                                                                  000053
1020874591800017100000090345100240370REGTIT26211903058037     000000000000598842660000000000000000000000000906250319190305803700000000000059884266290319000000001656003301553  000000000000000000000000000000000000000000000000000000000000000000000000000000000000001656000000000000000000000000000   260319078          00000000000000                                                                  000054
1020874591800017100000090345100240370REGTIT26211903058109     000000000000598842900000000000000000000000000906250319190305810900000000000059884290290319000000001928000103325  000000000000000000000000000000000000000000000000000000000000000000000000000000000000001928000000000000000000000000000   260319078          00000000000000                                                                  000055
1020874591800017100000090345100240370REGTIT26211903060459     000000000000598850680000000000000000000000000906250319190306045900000000000059885068290319000000001748000107849  000000000000000000000000000000000000000000000000000000000000000000000000000000000000001748000000000000000000000000000   260319078          00000000000000                                                                  000056
1020874591800017100000090345100240370REGTIT26211903060535     000000000000598850840000000000000000000000000906250319190306053500000000000059885084290319000000001556710400570  000000000000000000000000000000000000000000000000000000000000000000000000000000000000001556700000000000000000000000000   260319078          00000000000000                                                                  000057
1020874591800017100000090345100240370REGTIT26211903060739     000000000000598851650000000000000000000000000906250319190306073900000000000059885165290319000000000998034100273  000000000000000000000000000000000000000000000000000000000000000000000000000000000000000998000000000000000000000000000   260319078          00000000000000                                                                  000058
1020874591800017100000090345100240370REGTIT26211903060985     000000000000598852970000000000000000000000000906250319190306098500000000000059885297290319000000001628010403194  000000000000000000000000000000000000000000000000000000000000000000000000000000000000001628000000000000000000000000000   260319078          00000000000000                                                                  000059
1020874591800017100000090345100240370REGTIT26211903062314     000000000000598858580000000000000000000000000906250319190306231400000000000059885858290319000000001941110403078  000000000000000000000000000000000000000000000000000000000000000000000000000000000000001941100000000000000000000000000   260319078          00000000000000                                                                  000060
1020874591800017100000090345100240370REGTIT26211903062500     000000000000598860130000000000000000000000000906250319190306250000000000000059886013290319000000001798003300809  000000000000000000000000000000000000000000000000000000000000000000000000000000000000001798000000000000000000000000000   260319078          00000000000000                                                                  000061
1020874591800017100000090345100240370REGTIT26211903062806     000000000000598863150000000000000000000000000906250319190306280600000000000059886315290319000000001878000100476  000000000000000000000000000000000000000000000000000000000000000000000000000000000000001878000000000000000000000000000   260319078          00000000000000                                                                  000062
1020874591800017100000090345100240370REGTIT26211903062941     000000000000598864550000000000000000000000000906250319190306294100000000000059886455290319000000001497734103834  000000000000000000000000000000000000000000000000000000000000000000000000000000000000001497700000000000000000000000000   260319078          00000000000000                                                                  000063
1020874591800017100000090345100240370REGTIT26211903062942     000000000000598864630000000000000000000000000906250319190306294200000000000059886463290319000000001497734103834  000000000000000000000000000000000000000000000000000000000000000000000000000000000000001497700000000000000000000000000   260319078          00000000000000                                                                  000064
1020874591800017100000090345100240370REGTIT26211903063097     000000000000598865950000000000000000000000000906250319190306309700000000000059886595290319000000000899034107473  000000000000000000000000000000000000000000000000000000000000000000000000000000000000000899000000000000000000000000000   260319078          00000000000000                                                                  000065
1020874591800017100000090345100240370REGTIT26211903063423     000000000000598868970000000000000000000000000906250319190306342300000000000059886897290319000000001848023700491  000000000000000000000000000000000000000000000000000000000000000000000000000000000000001848000000000000000000000000000   260319074          00000000000000                                                                  000066
1020874591800017100000090345100240370REGTIT26211903063465     000000000000598869430000000000000000000000000906250319190306346500000000000059886943290319000000002198034108488  000000000000000000000000000000000000000000000000000000000000000000000000000000000000002198000000000000000000000000000   260319078          00000000000000                                                                  000067
1020874591800017100000090345100240370REGTIT26211903063869     000000000000598873890000000000000000000000000906250319190306386900000000000059887389290319000000001548034105520  000000000000000000000000000000000000000000000000000000000000000000000000000000000000001548000000000000000000000000000   260319078          00000000000000                                                                  000068
1020874591800017100000090345100240370REGTIT26211903064433     0000000000005988813P000000000000000000000000090625031919030644330000000000005988813P290319000000001868034109926  000000000000000000000000000000000000000000000000000000000000000000000000000000000000001868000000000000000000000000000   260319078          00000000000000                                                                  000069
1020874591800017100000090345100240370REGTIT26211903064546     000000000000598882960000000000000000000000000906250319190306454600000000000059888296290319000000001404034103025  000000000000000000000000000000000000000000000000000000000000000000000000000000000000001404000000000000000000000000000   260319078          00000000000000                                                                  000070
1020874591800017100000090345100240370REGTIT26211903064756     000000000000598886600000000000000000000000000906250319190306475600000000000059888660290319000000001848034103834  000000000000000000000000000000000000000000000000000000000000000000000000000000000000001848000000000000000000000000000   260319078          00000000000000                                                                  000071
1020874591800017100000090345100240370REGTIT26211903064812     000000000000598888140000000000000000000000000906250319190306481200000000000059888814290319000000001848023701219  000000000000000000000000000000000000000000000000000000000000000000000000000000000000001848000000000000000000000000000   260319082          00000000000000                                                                  000072
1020874591800017100000090345100240370REGTIT26211903064830     000000000000598888300000000000000000000000000906250319190306483000000000000059888830290319000000001848034103834  000000000000000000000000000000000000000000000000000000000000000000000000000000000000001848000000000000000000000000000   260319078          00000000000000                                                                  000073
1020874591800017100000090345100240370REGTIT26211903064848     000000000000598888810000000000000000000000000906250319190306484800000000000059888881290319000000001848010403397  000000000000000000000000000000000000000000000000000000000000000000000000000000000000001848000000000000000000000000000   260319078          00000000000000                                                                  000074
1020874591800017100000090345100240370REGTIT26211903064870     0000000000005988889P000000000000000000000000090625031919030648700000000000005988889P290319000000001898010401893  000000000000000000000000000000000000000000000000000000000000000000000000000000000000001898000000000000000000000000000   260319078          00000000000000                                                                  000075
1020874591800017100000090345100240370REGTIT26211903064932     000000000000598889380000000000000000000000000906250319190306493200000000000059888938290319000000001848023706013  000000000000000000000000000000000000000000000000000000000000000000000000000000000000001848000000000000000000000000000   260319074          00000000000000                                                                  000076
1020874591800017100000090345100240370REGTIT26211903065053     000000000000598891950000000000000000000000000906250319190306505300000000000059889195290319000000001848034108728  000000000000000000000000000000000000000000000000000000000000000000000000000000000000001848000000000000000000000000000   260319078          00000000000000                                                                  000077
1020874591800017100000090345100240370REGTIT26211903065074     000000000000598892330000000000000000000000000906250319190306507400000000000059889233290319000000001848034108728  000000000000000000000000000000000000000000000000000000000000000000000000000000000000001848000000000000000000000000000   260319078          00000000000000                                                                  000078
1020874591800017100000090345100240370REGTIT26211903065077     000000000000598892410000000000000000000000000906250319190306507700000000000059889241290319000000001898034108728  000000000000000000000000000000000000000000000000000000000000000000000000000000000000001898000000000000000000000000000   260319078          00000000000000                                                                  000079
1020874591800017100000090345100240370REGTIT26211903065079     000000000000598892680000000000000000000000000906250319190306507900000000000059889268290319000000001898034108728  000000000000000000000000000000000000000000000000000000000000000000000000000000000000001898000000000000000000000000000   260319078          00000000000000                                                                  000080
1020874591800017100000090345100240370REGTIT26211903065082     000000000000598892760000000000000000000000000906250319190306508200000000000059889276290319000000001848010403754  000000000000000000000000000000000000000000000000000000000000000000000000000000000000001848000000000000000000000000000   260319078          00000000000000                                                                  000081
1020874591800017100000090345100240370REGTIT26211903065124     000000000000598894030000000000000000000000000906250319190306512400000000000059889403290319000000001648003304388  000000000000000000000000000000000000000000000000000000000000000000000000000000000000001648000000000000000000000000000   260319078          00000000000000                                                                  000082
1020874591800017100000090345100240370REGTIT26211903065268     000000000000598897800000000000000000000000000906250319190306526800000000000059889780290319000000001356534102929  000000000000000000000000000000000000000000000000000000000000000000000000000000000000001356500000000000000000000000000   260319078          00000000000000                                                                  000083
1020874591800017100000090345100240370REGTIT26211903065310     000000000000598899260000000000000000000000000906250319190306531000000000000059889926290319000000001522534100146  000000000000000000000000000000000000000000000000000000000000000000000000000000000000001522500000000000000000000000000   260319078          00000000000000                                                                  000084
1020874591800017100000090345100240370REGTIT26211903065366     000000000000598900960000000000000000000000000906250319190306536600000000000059890096290319000000001748003300018  000000000000000000000000000000000000000000000000000000000000000000000000000000000000001748000000000000000000000000000   260319078          00000000000000                                                                  000085
1020874591800017100000090345100240370REGTIT26211903065401     000000000000598901930000000000000000000000000906250319190306540100000000000059890193290319000000001313310401971  000000000000000000000000000000000000000000000000000000000000000000000000000000000000001313300000000000000000000000000   260319078          00000000000000                                                                  000086
1020874591800017100000090345100240370REGTIT26211903065669     000000000000598909240000000000000000000000000906250319190306566900000000000059890924290319000000001748023701178  000000000000000000000000000000000000000000000000000000000000000000000000000000000000001748000000000000000000000000000   260319035          00000000000000                                                                  000087
1020874591800017100000090345100240370REGTIT26211903065777     0000000000005989136P000000000000000000000000090625031919030657770000000000005989136P290319000000001748010400731  000000000000000000000000000000000000000000000000000000000000000000000000000000000000001748000000000000000000000000000   260319078          00000000000000                                                                  000088
1020874591800017100000090345100240370REGTIT26211903065907     000000000000598917690000000000000000000000000906250319190306590700000000000059891769290319000000002162010403322  000000000000000000000000000000000000000000000000000000000000000000000000000000000000002162000000000000000000000000000   260319078          00000000000000                                                                  000089
1020874591800017100000090345100240370REGTIT26211903065968     000000000000598919470000000000000000000000000906250319190306596800000000000059891947290319000000001748023701219  000000000000000000000000000000000000000000000000000000000000000000000000000000000000001748000000000000000000000000000   260319074          00000000000000                                                                  000090
1020874591800017100000090345100240370REGTIT26211903066096     000000000000598923900000000000000000000000000906250319190306609600000000000059892390290319000000001448075604368  000000000000000000000000000000000000000000000000000000000000000000000000000000000000001448000000000000000000000000000   260319078          00000000000000                                                                  000091
1020874591800017100000090345100240370REGTIT26211903066125     000000000000598925010000000000000000000000000906250319190306612500000000000059892501290319000000001748010401266  000000000000000000000000000000000000000000000000000000000000000000000000000000000000001748000000000000000000000000000   260319078          00000000000000                                                                  000092
1020874591800017100000090345100240370REGTIT26211903066263     000000000000598930520000000000000000000000000906250319190306626300000000000059893052290319000000001698010404009  000000000000000000000000000000000000000000000000000000000000000000000000000000000000001698000000000000000000000000000   260319078          00000000000000                                                                  000093
1020874591800017100000090345100240370REGTIT26211903066513     000000000000598940670000000000000000000000000906250319190306651300000000000059894067290319000000001698034101656  000000000000000000000000000000000000000000000000000000000000000000000000000000000000001698000000000000000000000000000   260319078          00000000000000                                                                  000094
1020874591800017100000090345100240370REGTIT26211903066629     0000000000005989458P000000000000000000000000090625031919030666290000000000005989458P290319000000001548034103730  000000000000000000000000000000000000000000000000000000000000000000000000000000000000001548000000000000000000000000000   260319078          00000000000000                                                                  000095
1020874591800017100000090345100240370REGTIT26211903066634     0000000000005989461P000000000000000000000000090625031919030666340000000000005989461P290319000000001548075603003  000000000000000000000000000000000000000000000000000000000000000000000000000000000000001548000000000000000000000000000   260319078          00000000000000                                                                  000096
1020874591800017100000090345100240370REGTIT26211903066658     000000000000598946950000000000000000000000000906250319190306665800000000000059894695290319000000001853074807222  000000000000000000000000000000000000000000000000000000000000000000000000000000000000001853000000000000000000000000000   260319078          00000000000000                                                                  000097
1020874591800017100000090345100240370REGTIT26211903066693     000000000000598948570000000000000000000000000906250319190306669300000000000059894857290319000000000998003304453  000000000000000000000000000000000000000000000000000000000000000000000000000000000000000998000000000000000000000000000   260319078          00000000000000                                                                  000098
1020874591800017100000090345100240370REGTIT26211903066838     000000000000598953570000000000000000000000000906250319190306683800000000000059895357290319000000001698010403218  000000000000000000000000000000000000000000000000000000000000000000000000000000000000001698000000000000000000000000000   260319078          00000000000000                                                                  000099
1020874591800017100000090345100240370REGTIT26211903066840     000000000000598953650000000000000000000000000906250319190306684000000000000059895365290319000000001698034108850  000000000000000000000000000000000000000000000000000000000000000000000000000000000000001698000000000000000000000000000   260319078          00000000000000                                                                  000100
1020874591800017100000090345100240370REGTIT26211903066863     000000000000598954380000000000000000000000000906250319190306686300000000000059895438290319000000001698023700929  000000000000000000000000000000000000000000000000000000000000000000000000000000000000001698000000000000000000000000000   260319035          00000000000000                                                                  000101
1020874591800017100000090345100240370REGTIT26211903066926     000000000000598957050000000000000000000000000906250319190306692600000000000059895705290319000000001698034108425  000000000000000000000000000000000000000000000000000000000000000000000000000000000000001698000000000000000000000000000   260319078          00000000000000                                                                  000102
1020874591800017100000090345100240370REGTIT26211903066961     000000000000598958450000000000000000000000000906250319190306696100000000000059895845290319000000001698034103811  000000000000000000000000000000000000000000000000000000000000000000000000000000000000001698000000000000000000000000000   260319078          00000000000000                                                                  000103
1020874591800017100000090345100240370REGTIT26211903066991     000000000000598959690000000000000000000000000906250319190306699100000000000059895969290319000000001698074805511  000000000000000000000000000000000000000000000000000000000000000000000000000000000000001698000000000000000000000000000   260319078          00000000000000                                                                  000104
1020874591800017100000090345100240370REGTIT26211903067007     000000000000598960510000000000000000000000000906250319190306700700000000000059896051290319000000001698034109274  000000000000000000000000000000000000000000000000000000000000000000000000000000000000001698000000000000000000000000000   260319078          00000000000000                                                                  000105
1020874591800017100000090345100240370REGTIT26211903067051     000000000000598962800000000000000000000000000906250319190306705100000000000059896280290319000000001348010401952  000000000000000000000000000000000000000000000000000000000000000000000000000000000000001348000000000000000000000000000   260319078          00000000000000                                                                  000106
1020874591800017100000090345100240370REGTIT26211903067088     000000000000598964850000000000000000000000000906250319190306708800000000000059896485290319000000001698034107473  000000000000000000000000000000000000000000000000000000000000000000000000000000000000001698000000000000000000000000000   260319078          00000000000000                                                                  000107
1020874591800017100000090345100240370REGTIT26211903067200     000000000000598968760000000000000000000000000906250319190306720000000000000059896876290319000000000870000101443  000000000000000000000000000000000000000000000000000000000000000000000000000000000000000870000000000000000000000000000   260319078          00000000000000                                                                  000108
1020874591800017100000090345100240370REGTIT26211903067209     000000000000598969300000000000000000000000000906250319190306720900000000000059896930290319000000001493110403915  000000000000000000000000000000000000000000000000000000000000000000000000000000000000001493100000000000000000000000000   260319078          00000000000000                                                                  000109
1020874591800017100000090345100240370REGTIT26211903067262     000000000000598971470000000000000000000000000906250319190306726200000000000059897147290319000000001598023706491  000000000000000000000000000000000000000000000000000000000000000000000000000000000000001598000000000000000000000000000   260319035          00000000000000                                                                  000110
1020874591800017100000090345100240370REGTIT26211903067336     000000000000598974300000000000000000000000000906250319190306733600000000000059897430290319000000001434075604368  000000000000000000000000000000000000000000000000000000000000000000000000000000000000001434000000000000000000000000000   260319078          00000000000000                                                                  000111
1020874591800017100000090345100240370REGTIT26211903067437     000000000000598978990000000000000000000000000906250319190306743700000000000059897899290319000000001598004101098  000000000000000000000000000000000000000000000000000000000000000000000000000000000000001598000000000000000000000000000   260319078          00000000000000                                                                  000112
1020874591800017100000090345100240370REGTIT26211903067491     000000000000598981270000000000000000000000000906250319190306749100000000000059898127290319000000001598000105712  000000000000000000000000000000000000000000000000000000000000000000000000000000000000001598000000000000000000000000000   260319078          00000000000000                                                                  000113
1020874591800017100000090345100240370REGTIT26211903067644     000000000000598987390000000000000000000000000906250319190306764400000000000059898739290319000000001598034103822  000000000000000000000000000000000000000000000000000000000000000000000000000000000000001598000000000000000000000000000   260319078          00000000000000                                                                  000114
1020874591800017100000090345100240370REGTIT26211903067682     000000000000598988790000000000000000000000000906250319190306768200000000000059898879290319000000001099034100616  000000000000000000000000000000000000000000000000000000000000000000000000000000000000001099000000000000000000000000000   260319078          00000000000000                                                                  000115
1020874591800017100000090345100240370REGTIT26211903067888     000000000000598994170000000000000000000000000906250319190306788800000000000059899417290319000000001598010401016  000000000000000000000000000000000000000000000000000000000000000000000000000000000000001598000000000000000000000000000   260319078          00000000000000                                                                  000116
1020874591800017100000090345100240370REGTIT26211903068031     000000000000598998080000000000000000000000000906250319190306803100000000000059899808290319000000001598000100191  000000000000000000000000000000000000000000000000000000000000000000000000000000000000001598000000000000000000000000000   260319078          00000000000000                                                                  000117
1020874591800017100000090345100240370REGTIT26211903068033     000000000000598998160000000000000000000000000906250319190306803300000000000059899816290319000000001498034108411  000000000000000000000000000000000000000000000000000000000000000000000000000000000000001498000000000000000000000000000   260319078          00000000000000                                                                  000118
1020874591800017100000090345100240370REGTIT26211903068293     000000000000599006520000000000000000000000000906250319190306829300000000000059900652290319000000001448034103770  000000000000000000000000000000000000000000000000000000000000000000000000000000000000001448000000000000000000000000000   260319078          00000000000000                                                                  000119
1020874591800017100000090345100240370REGTIT26211903068309     000000000000599007330000000000000000000000000906250319190306830900000000000059900733290319000000001198075601204  000000000000000000000000000000000000000000000000000000000000000000000000000000000000001198000000000000000000000000000   260319078          00000000000000                                                                  000120
1020874591800017100000090345100240370REGTIT26211903068628     000000000000599016910000000000000000000000000906250319190306862800000000000059901691290319000000000950034107501  000000000000000000000000000000000000000000000000000000000000000000000000000000000000000950000000000000000000000000000   260319078          00000000000000                                                                  000121
1020874591800017100000090345100240370REGTIT26211903068644     000000000000599017050000000000000000000000000906250319190306864400000000000059901705290319000000001249034103377  000000000000000000000000000000000000000000000000000000000000000000000000000000000000001249000000000000000000000000000   260319078          00000000000000                                                                  000122
1020874591800017100000090345100240370REGTIT26211903068651     0000000000005990173P000000000000000000000000090625031919030686510000000000005990173P290319000000000979010403379  000000000000000000000000000000000000000000000000000000000000000000000000000000000000000979000000000000000000000000000   260319078          00000000000000                                                                  000123
1020874591800017100000090345100240370REGTIT26211903068736     000000000000599020510000000000000000000000000906250319190306873600000000000059902051290319000000000799010402937  000000000000000000000000000000000000000000000000000000000000000000000000000000000000000799000000000000000000000000000   260319078          00000000000000                                                                  000124
1020874591800017100000090345100240370REGTIT26211903068822     000000000000599023020000000000000000000000000906250319190306882200000000000059902302290319000000001019010403708  000000000000000000000000000000000000000000000000000000000000000000000000000000000000001019000000000000000000000000000   260319078          00000000000000                                                                  000125
1020874591800017100000090345100240370REGTIT26211903068834     000000000000599023610000000000000000000000000906250319190306883400000000000059902361290319000000001448034108728  000000000000000000000000000000000000000000000000000000000000000000000000000000000000001448000000000000000000000000000   260319078          00000000000000                                                                  000126
1020874591800017100000090345100240370REGTIT26211903068894     000000000000599025230000000000000000000000000906250319190306889400000000000059902523290319000000001009003304441  000000000000000000000000000000000000000000000000000000000000000000000000000000000000001009000000000000000000000000000   260319078          00000000000000                                                                  000127
1020874591800017100000090345100240370REGTIT26211903068954     000000000000599026200000000000000000000000000906250319190306895400000000000059902620290319000000001408903300813  000000000000000000000000000000000000000000000000000000000000000000000000000000000000001408900000000000000000000000000   260319078          00000000000000                                                                  000128
1020874591800017100000090345100240370REGTIT26211903069088     000000000000599030230000000000000000000000000906250319190306908800000000000059903023290319000000001448034109926  000000000000000000000000000000000000000000000000000000000000000000000000000000000000001448000000000000000000000000000   260319078          00000000000000                                                                  000129
1020874591800017100000090345100240370REGTIT26211903069185     000000000000599033410000000000000000000000000906250319190306918500000000000059903341290319000000001288010402553  000000000000000000000000000000000000000000000000000000000000000000000000000000000000001288000000000000000000000000000   260319078          00000000000000                                                                  000130
1020874591800017100000090345100240370REGTIT26211903069322     000000000000599037400000000000000000000000000906250319190306932200000000000059903740290319000000001448010404701  000000000000000000000000000000000000000000000000000000000000000000000000000000000000001448000000000000000000000000000   260319078          00000000000000                                                                  000131
1020874591800017100000090345100240370REGTIT26211903069324     000000000000599037590000000000000000000000000906250319190306932400000000000059903759290319000000001448034101325  000000000000000000000000000000000000000000000000000000000000000000000000000000000000001448000000000000000000000000000   260319078          00000000000000                                                                  000132
1020874591800017100000090345100240370REGTIT26211903069506     000000000000599042590000000000000000000000000906250319190306950600000000000059904259290319000000001049010400406  000000000000000000000000000000000000000000000000000000000000000000000000000000000000001049000000000000000000000000000   260319078          00000000000000                                                                  000133
1020874591800017100000090345100240370REGTIT26211903069589     000000000000599045690000000000000000000000000906250319190306958900000000000059904569290319000000001348023700585  000000000000000000000000000000000000000000000000000000000000000000000000000000000000001348000000000000000000000000000   260319035          00000000000000                                                                  000134
1020874591800017100000090345100240370REGTIT26211903069607     000000000000599046230000000000000000000000000906250319190306960700000000000059904623290319000000001448034108728  000000000000000000000000000000000000000000000000000000000000000000000000000000000000001448000000000000000000000000000   260319078          00000000000000                                                                  000135
1020874591800017100000090345100240370REGTIT26211903069622     000000000000599046740000000000000000000000000906250319190306962200000000000059904674290319000000001348010402025  000000000000000000000000000000000000000000000000000000000000000000000000000000000000001348000000000000000000000000000   260319078          00000000000000                                                                  000136
1020874591800017100000090345100240370REGTIT26211903069679     000000000000599048790000000000000000000000000906250319190306967900000000000059904879290319000000001348010400381  000000000000000000000000000000000000000000000000000000000000000000000000000000000000001348000000000000000000000000000   260319078          00000000000000                                                                  000137
1020874591800017100000090345100240370REGTIT26211903069842     000000000000599054840000000000000000000000000906250319190306984200000000000059905484290319000000001348010401598  000000000000000000000000000000000000000000000000000000000000000000000000000000000000001348000000000000000000000000000   260319078          00000000000000                                                                  000138
1020874591800017100000090345100240370REGTIT26211903069899     000000000000599056460000000000000000000000000906250319190306989900000000000059905646290319000000001049034103720  000000000000000000000000000000000000000000000000000000000000000000000000000000000000001049000000000000000000000000000   260319078          00000000000000                                                                  000139
1020874591800017100000090345100240370REGTIT26211903070021     000000000000599060300000000000000000000000000906250319190307002100000000000059906030290319000000001348000105712  000000000000000000000000000000000000000000000000000000000000000000000000000000000000001348000000000000000000000000000   260319078          00000000000000                                                                  000140
1020874591800017100000090345100240370REGTIT26211903070075     000000000000599062780000000000000000000000000906250319190307007500000000000059906278290319000000001149034108411  000000000000000000000000000000000000000000000000000000000000000000000000000000000000001149000000000000000000000000000   260319078          00000000000000                                                                  000141
1020874591800017100000090345100240370REGTIT26211903070076     000000000000599062860000000000000000000000000906250319190307007600000000000059906286290319000000000999034103708  000000000000000000000000000000000000000000000000000000000000000000000000000000000000000999000000000000000000000000000   260319078          00000000000000                                                                  000142
1020874591800017100000090345100240370REGTIT26211903070406     000000000000599074870000000000000000000000000906250319190307040600000000000059907487290319000000001248034103878  000000000000000000000000000000000000000000000000000000000000000000000000000000000000001248000000000000000000000000000   260319078          00000000000000                                                                  000143
1020874591800017100000090345100240370REGTIT26211903070480     000000000000599077620000000000000000000000000906250319190307048000000000000059907762290319000000000899010403499  000000000000000000000000000000000000000000000000000000000000000000000000000000000000000899000000000000000000000000000   260319078          00000000000000                                                                  000144
1020874591800017100000090345100240370REGTIT26211903070515     0000000000005990786P000000000000000000000000090625031919030705150000000000005990786P290319000000001098004100041  000000000000000000000000000000000000000000000000000000000000000000000000000000000000001098000000000000000000000000000   260319078          00000000000000                                                                  000145
1020874591800017100000090345100240370REGTIT26211903070815     0000000000005990917P000000000000000000000000090625031919030708150000000000005990917P290319000000001348010403915  000000000000000000000000000000000000000000000000000000000000000000000000000000000000001348000000000000000000000000000   260319078          00000000000000                                                                  000146
1020874591800017100000090345100240370REGTIT26211903070859     000000000000599093820000000000000000000000000906250319190307085900000000000059909382290319000000001348034106616  000000000000000000000000000000000000000000000000000000000000000000000000000000000000001348000000000000000000000000000   260319078          00000000000000                                                                  000147
1020874591800017100000090345100240370REGTIT26211903070886     000000000000599094710000000000000000000000000906250319190307088600000000000059909471290319000000000998003304573  000000000000000000000000000000000000000000000000000000000000000000000000000000000000000998000000000000000000000000000   260319078          00000000000000                                                                  000148
1020874591800017100000090345100240370REGTIT26211903070914     000000000000599095870000000000000000000000000906250319190307091400000000000059909587290319000000000974010402863  000000000000000000000000000000000000000000000000000000000000000000000000000000000000000974000000000000000000000000000   260319078          00000000000000                                                                  000149
1020874591800017100000090345100240370REGTIT26211903071000     000000000000599099940000000000000000000000000906250319190307100000000000000059909994290319000000001348010400393  000000000000000000000000000000000000000000000000000000000000000000000000000000000000001348000000000000000000000000000   260319078          00000000000000                                                                  000150
1020874591800017100000090345100240370REGTIT26211903071105     000000000000599105690000000000000000000000000906250319190307110500000000000059910569290319000000000799003301270  000000000000000000000000000000000000000000000000000000000000000000000000000000000000000799000000000000000000000000000   260319078          00000000000000                                                                  000151
1020874591800017100000090345100240370REGTIT26211903071193     000000000000599109410000000000000000000000000906250319190307119300000000000059910941290319000000000998004100041  000000000000000000000000000000000000000000000000000000000000000000000000000000000000000998000000000000000000000000000   260319078          00000000000000                                                                  000152
1020874591800017100000090345100240370REGTIT26211903071196     000000000000599109760000000000000000000000000906250319190307119600000000000059910976290319000000000898000103663  000000000000000000000000000000000000000000000000000000000000000000000000000000000000000898000000000000000000000000000   260319078          00000000000000                                                                  000153
1020874591800017100000090345100240370REGTIT26211903071235     000000000000599111580000000000000000000000000906250319190307123500000000000059911158290319000000000998004100065  000000000000000000000000000000000000000000000000000000000000000000000000000000000000000998000000000000000000000000000   260319078          00000000000000                                                                  000154
1020874591800017100000090345100240370REGTIT26211903071252     000000000000599112980000000000000000000000000906250319190307125200000000000059911298290319000000000998034108728  000000000000000000000000000000000000000000000000000000000000000000000000000000000000000998000000000000000000000000000   260319078          00000000000000                                                                  000155
1020874591800017100000090345100240370REGTIT26211903071316     000000000000599117000000000000000000000000000906250319190307131600000000000059911700290319000000000998010400439  000000000000000000000000000000000000000000000000000000000000000000000000000000000000000998000000000000000000000000000   260319078          00000000000000                                                                  000156
1020874591800017100000090345100240370REGTIT26211903071387     000000000000599121620000000000000000000000000906250319190307138700000000000059912162290319000000000998074807347  000000000000000000000000000000000000000000000000000000000000000000000000000000000000000998000000000000000000000000000   260319078          00000000000000                                                                  000157
1020874591800017100000090345100240370REGTIT26211903071399     000000000000599122430000000000000000000000000906250319190307139900000000000059912243290319000000001308010400406  000000000000000000000000000000000000000000000000000000000000000000000000000000000000001308000000000000000000000000000   260319078          00000000000000                                                                  000158
1020874591800017100000090345100240370REGTIT26211903071403     0000000000005991226P000000000000000000000000090625031919030714030000000000005991226P290319000000000998010400381  000000000000000000000000000000000000000000000000000000000000000000000000000000000000000998000000000000000000000000000   260319078          00000000000000                                                                  000159
1020874591800017100000090345100240370REGTIT26211903071431     000000000000599124050000000000000000000000000906250319190307143100000000000059912405290319000000000998004100036  000000000000000000000000000000000000000000000000000000000000000000000000000000000000000998000000000000000000000000000   260319078          00000000000000                                                                  000160
1020874591800017100000090345100240370REGTIT26211903071485     000000000000599126340000000000000000000000000906250319190307148500000000000059912634290319000000000998034108728  000000000000000000000000000000000000000000000000000000000000000000000000000000000000000998000000000000000000000000000   260319078          00000000000000                                                                  000161
1020874591800017100000090345100240370REGTIT26211903071486     000000000000599126420000000000000000000000000906250319190307148600000000000059912642290319000000000998034108728  000000000000000000000000000000000000000000000000000000000000000000000000000000000000000998000000000000000000000000000   260319078          00000000000000                                                                  000162
1020874591800017100000090345100240370REGTIT26211903071487     000000000000599126500000000000000000000000000906250319190307148700000000000059912650290319000000000998034108728  000000000000000000000000000000000000000000000000000000000000000000000000000000000000000998000000000000000000000000000   260319078          00000000000000                                                                  000163
1020874591800017100000090345100240370REGTIT26211903071488     000000000000599126690000000000000000000000000906250319190307148800000000000059912669290319000000001355174807051  000000000000000000000000000000000000000000000000000000000000000000000000000000000000001355100000000000000000000000000   260319078          00000000000000                                                                  000164
1020874591800017100000090345100240370REGTIT26211903071535     000000000000599129950000000000000000000000000906250319190307153500000000000059912995290319000000000998003304417  000000000000000000000000000000000000000000000000000000000000000000000000000000000000000998000000000000000000000000000   260319078          00000000000000                                                                  000165
1020874591800017100000090345100240370REGTIT26211903071631     0000000000005991355P000000000000000000000000090625031919030716310000000000005991355P290319000000000206723706606  000000000000000000000000000000000000000000000000000000000000000000000000000000000000000206700000000000000000000000000   260319035          00000000000000                                                                  000166
1020874591800017100000090345100240370REGTIT26211903071637     000000000000599135840000000000000000000000000906250319190307163700000000000059913584290319000000000998034103811  000000000000000000000000000000000000000000000000000000000000000000000000000000000000000998000000000000000000000000000   260319078          00000000000000                                                                  000167
1020874591800017100000090345100240370REGTIT26211903071662     000000000000599137460000000000000000000000000906250319190307166200000000000059913746290319000000001106003301258  000000000000000000000000000000000000000000000000000000000000000000000000000000000000001106000000000000000000000000000   260319078          00000000000000                                                                  000168
1020874591800017100000090345100240370REGTIT26211903071767     000000000000599144750000000000000000000000000906250319190307176700000000000059914475290319000000000599000102543  000000000000000000000000000000000000000000000000000000000000000000000000000000000000000599000000000000000000000000000   260319078          00000000000000                                                                  000169
1020874591800017100000090345100240370REGTIT26211903071768     000000000000599144830000000000000000000000000906250319190307176800000000000059914483290319000000000998010404701  000000000000000000000000000000000000000000000000000000000000000000000000000000000000000998000000000000000000000000000   260319078          00000000000000                                                                  000170
1020874591800017100000090345100240370REGTIT26211903071785     000000000000599145800000000000000000000000000906250319190307178500000000000059914580290319000000000799000103273  000000000000000000000000000000000000000000000000000000000000000000000000000000000000000799000000000000000000000000000   260319078          00000000000000                                                                  000171
1020874591800017100000090345100240370REGTIT26211903071807     000000000000599147180000000000000000000000000906250319190307180700000000000059914718290319000000000799010403493  000000000000000000000000000000000000000000000000000000000000000000000000000000000000000799000000000000000000000000000   260319078          00000000000000                                                                  000172
1020874591800017100000090345100240370REGTIT26211903071881     000000000000599151880000000000000000000000000906250319190307188100000000000059915188290319000000000799010403414  000000000000000000000000000000000000000000000000000000000000000000000000000000000000000799000000000000000000000000000   260319078          00000000000000                                                                  000173
1020874591800017100000090345100240370REGTIT26211903071898     000000000000599153150000000000000000000000000906250319190307189800000000000059915315290319000000000998003303731  000000000000000000000000000000000000000000000000000000000000000000000000000000000000000998000000000000000000000000000   260319078          00000000000000                                                                  000174
1020874591800017100000090345100240370REGTIT26211903071904     000000000000599153660000000000000000000000000906250319190307190400000000000059915366290319000000000998010401266  000000000000000000000000000000000000000000000000000000000000000000000000000000000000000998000000000000000000000000000   260319078          00000000000000                                                                  000175
1020874591800017100000090345100240370REGTIT26211903071949     000000000000599156920000000000000000000000000906250319190307194900000000000059915692290319000000000550023702383  000000000000000000000000000000000000000000000000000000000000000000000000000000000000000550000000000000000000000000000   260319074          00000000000000                                                                  000176
1020874591800017100000090345100240370REGTIT26211903071953     000000000000599157140000000000000000000000000906250319190307195300000000000059915714290319000000000998034108728  000000000000000000000000000000000000000000000000000000000000000000000000000000000000000998000000000000000000000000000   260319078          00000000000000                                                                  000177
1020874591800017100000090345100240370REGTIT26211903071977     000000000000599159190000000000000000000000000906250319190307197700000000000059915919290319000000000998034107473  000000000000000000000000000000000000000000000000000000000000000000000000000000000000000998000000000000000000000000000   260319078          00000000000000                                                                  000178
1020874591800017100000090345100240370REGTIT26211903071989     000000000000599159780000000000000000000000000906250319190307198900000000000059915978290319000000000998003301464  000000000000000000000000000000000000000000000000000000000000000000000000000000000000000998000000000000000000000000000   260319078          00000000000000                                                                  000179
1020874591800017100000090345100240370REGTIT26211903072044     000000000000599164000000000000000000000000000906250319190307204400000000000059916400290319000000000998003304409  000000000000000000000000000000000000000000000000000000000000000000000000000000000000000998000000000000000000000000000   260319078          00000000000000                                                                  000180
1020874591800017100000090345100240370REGTIT26211903072087     000000000000599166800000000000000000000000000906250319190307208700000000000059916680290319000000000998004100041  000000000000000000000000000000000000000000000000000000000000000000000000000000000000000998000000000000000000000000000   260319078          00000000000000                                                                  000181
1020874591800017100000090345100240370REGTIT26211903072129     000000000000599168930000000000000000000000000906250319190307212900000000000059916893290319000000000998003303079  000000000000000000000000000000000000000000000000000000000000000000000000000000000000000998000000000000000000000000000   260319078          00000000000000                                                                  000182
1020874591800017100000090345100240370REGTIT26211903072140     000000000000599169660000000000000000000000000906250319190307214000000000000059916966290319000000000998003300812  000000000000000000000000000000000000000000000000000000000000000000000000000000000000000998000000000000000000000000000   260319078          00000000000000                                                                  000183
1020874591800017100000090345100240370REGTIT26211903072143     000000000000599169900000000000000000000000000906250319190307214300000000000059916990290319000000000998023700815  000000000000000000000000000000000000000000000000000000000000000000000000000000000000000998000000000000000000000000000   260319002          00000000000000                                                                  000184
1020874591800017100000090345100240370REGTIT26211903072239     000000000000599176280000000000000000000000000906250319190307223900000000000059917628290319000000000799003300814  000000000000000000000000000000000000000000000000000000000000000000000000000000000000000799000000000000000000000000000   260319078          00000000000000                                                                  000185
1020874591800017100000090345100240370REGTIT26211903072243     000000000000599176440000000000000000000000000906250319190307224300000000000059917644290319000000000998034108728  000000000000000000000000000000000000000000000000000000000000000000000000000000000000000998000000000000000000000000000   260319078          00000000000000                                                                  000186
1020874591800017100000090345100240370REGTIT26211903072255     000000000000599177170000000000000000000000000906250319190307225500000000000059917717290319000000000799010403414  000000000000000000000000000000000000000000000000000000000000000000000000000000000000000799000000000000000000000000000   260319078          00000000000000                                                                  000187
1020874591800017100000090345100240370REGTIT26211903072262     000000000000599177410000000000000000000000000906250319190307226200000000000059917741290319000000000799003304296  000000000000000000000000000000000000000000000000000000000000000000000000000000000000000799000000000000000000000000000   260319078          00000000000000                                                                  000188
1020874591800017100000090345100240370REGTIT26211903072274     000000000000599178300000000000000000000000000906250319190307227400000000000059917830290319000000000799074807017  000000000000000000000000000000000000000000000000000000000000000000000000000000000000000799000000000000000000000000000   260319078          00000000000000                                                                  000189
1020874591800017100000090345100240370REGTIT26211903072327     000000000000599182760000000000000000000000000906250319190307232700000000000059918276290319000000000799003303812  000000000000000000000000000000000000000000000000000000000000000000000000000000000000000799000000000000000000000000000   260319078          00000000000000                                                                  000190
1020874591800017100000090345100240370REGTIT26211903072336     000000000000599183300000000000000000000000000906250319190307233600000000000059918330290319000000000899010401633  000000000000000000000000000000000000000000000000000000000000000000000000000000000000000899000000000000000000000000000   260319078          00000000000000                                                                  000191
1020874591800017100000090345100240370REGTIT26211903072574     000000000000599200090000000000000000000000000906250319190307257400000000000059920009290319000000000998010400368  000000000000000000000000000000000000000000000000000000000000000000000000000000000000000998000000000000000000000000000   260319078          00000000000000                                                                  000192
1020874591800017100000090345100240370REGTIT26211903072588     000000000000599201060000000000000000000000000906250319190307258800000000000059920106290319000000000998003301012  000000000000000000000000000000000000000000000000000000000000000000000000000000000000000998000000000000000000000000000   260319078          00000000000000                                                                  000193
1020874591800017100000090345100240370REGTIT26211903072633     000000000000599204160000000000000000000000000906250319190307263300000000000059920416290319000000000998034108728  000000000000000000000000000000000000000000000000000000000000000000000000000000000000000998000000000000000000000000000   260319078          00000000000000                                                                  000194
1020874591800017100000090345100240370REGTIT26211903072645     000000000000599205130000000000000000000000000906250319190307264500000000000059920513290319000000000998000108059  000000000000000000000000000000000000000000000000000000000000000000000000000000000000000998000000000000000000000000000   260319078          00000000000000                                                                  000195
1020874591800017100000090345100240370REGTIT26211903072669     000000000000599207180000000000000000000000000906250319190307266900000000000059920718290319000000000998010401952  000000000000000000000000000000000000000000000000000000000000000000000000000000000000000998000000000000000000000000000   260319078          00000000000000                                                                  000196
1020874591800017100000090345100240370REGTIT26211903072676     000000000000599207690000000000000000000000000906250319190307267600000000000059920769290319000000000998034108728  000000000000000000000000000000000000000000000000000000000000000000000000000000000000000998000000000000000000000000000   260319078          00000000000000                                                                  000197
1020874591800017100000090345100240370REGTIT26211903072686     000000000000599208580000000000000000000000000906250319190307268600000000000059920858290319000000000850074807062  000000000000000000000000000000000000000000000000000000000000000000000000000000000000000850000000000000000000000000000   260319078          00000000000000                                                                  000198
1020874591800017100000090345100240370REGTIT26211903072700     000000000000599209710000000000000000000000000906250319190307270000000000000059920971290319000000000998007700001  000000000000000000000000000000000000000000000000000000000000000000000000000000000000000998000000000000000000000000000   260319078          00000000000000                                                                  000199
1020874591800017100000090345100240370REGTIT26211903072704     000000000000599210130000000000000000000000000906250319190307270400000000000059921013290319000000000998074807374  000000000000000000000000000000000000000000000000000000000000000000000000000000000000000998000000000000000000000000000   260319078          00000000000000                                                                  000200
1020874591800017100000090345100240370REGTIT26211903072769     000000000000599215280000000000000000000000000906250319190307276900000000000059921528290319000000000998000108059  000000000000000000000000000000000000000000000000000000000000000000000000000000000000000998000000000000000000000000000   260319078          00000000000000                                                                  000201
1020874591800017100000090345100240370REGTIT26211903072821     000000000000599219270000000000000000000000000906250319190307282100000000000059921927290319000000000998010400371  000000000000000000000000000000000000000000000000000000000000000000000000000000000000000998000000000000000000000000000   260319078          00000000000000                                                                  000202
1020874591800017100000090345100240370REGTIT26211903072830     000000000000599219780000000000000000000000000906250319190307283000000000000059921978290319000000000998034108728  000000000000000000000000000000000000000000000000000000000000000000000000000000000000000998000000000000000000000000000   260319078          00000000000000                                                                  000203
1020874591800017100000090345100240370REGTIT26211903072945     000000000000599229660000000000000000000000000906250319190307294500000000000059922966290319000000000699003301270  000000000000000000000000000000000000000000000000000000000000000000000000000000000000000699000000000000000000000000000   260319078          00000000000000                                                                  000204
1020874591800017100000090345100240370REGTIT26211903072953     000000000000599230320000000000000000000000000906250319190307295300000000000059923032290319000000000799023702995  000000000000000000000000000000000000000000000000000000000000000000000000000000000000000799000000000000000000000000000   260319035          00000000000000                                                                  000205
1020874591800017100000090345100240370REGTIT26211903072963     0000000000005992313P000000000000000000000000090625031919030729630000000000005992313P290319000000000998000108059  000000000000000000000000000000000000000000000000000000000000000000000000000000000000000998000000000000000000000000000   260319078          00000000000000                                                                  000206
1020874591800017100000090345100240370REGTIT26211903072965     000000000000599231560000000000000000000000000906250319190307296500000000000059923156290319000000000998010401282  000000000000000000000000000000000000000000000000000000000000000000000000000000000000000998000000000000000000000000000   260319078          00000000000000                                                                  000207
1020874591800017100000090345100240370REGTIT26211903073001     000000000000599234580000000000000000000000000906250319190307300100000000000059923458290319000000000799034108728  000000000000000000000000000000000000000000000000000000000000000000000000000000000000000799000000000000000000000000000   260319078          00000000000000                                                                  000208
1020874591800017100000090345100240370REGTIT26211903073005     000000000000599234900000000000000000000000000906250319190307300500000000000059923490290319000000000998023700932  000000000000000000000000000000000000000000000000000000000000000000000000000000000000000998000000000000000000000000000   260319074          00000000000000                                                                  000209
1020874591800017100000090345100240370REGTIT26211903073010     000000000000599235470000000000000000000000000906250319190307301000000000000059923547290319000000000998010403322  000000000000000000000000000000000000000000000000000000000000000000000000000000000000000998000000000000000000000000000   260319078          00000000000000                                                                  000210
1020874591800017100000090345100240370REGTIT26211903073137     000000000000599246910000000000000000000000000906250319190307313700000000000059924691290319000000000699034102774  000000000000000000000000000000000000000000000000000000000000000000000000000000000000000699000000000000000000000000000   260319078          00000000000000                                                                  000211
1020874591800017100000090345100240370REGTIT26211903073147     000000000000599247800000000000000000000000000906250319190307314700000000000059924780290319000000000998010404546  000000000000000000000000000000000000000000000000000000000000000000000000000000000000000998000000000000000000000000000   260319078          00000000000000                                                                  000212
1020874591800017100000090345100240370REGTIT26211903073193     000000000000599251910000000000000000000000000906250319190307319300000000000059925191290319000000000998004100219  000000000000000000000000000000000000000000000000000000000000000000000000000000000000000998000000000000000000000000000   260319078          00000000000000                                                                  000213
1020874591800017100000090345100240370REGTIT26211903073226     000000000000599255070000000000000000000000000906250319190307322600000000000059925507290319000000000998034109926  000000000000000000000000000000000000000000000000000000000000000000000000000000000000000998000000000000000000000000000   260319078          00000000000000                                                                  000214
1020874591800017100000090345100240370REGTIT26211903073228     000000000000599255230000000000000000000000000906250319190307322800000000000059925523290319000000000799010402974  000000000000000000000000000000000000000000000000000000000000000000000000000000000000000799000000000000000000000000000   260319078          00000000000000                                                                  000215
1020874591800017100000090345100240370REGTIT26211903073276     000000000000599259730000000000000000000000000906250319190307327600000000000059925973290319000000000998010403510  000000000000000000000000000000000000000000000000000000000000000000000000000000000000000998000000000000000000000000000   260319078          00000000000000                                                                  000216
1020874591800017100000090345100240370REGTIT26211903073324     000000000000599264140000000000000000000000000906250319190307332400000000000059926414290319000000000500034103377  000000000000000000000000000000000000000000000000000000000000000000000000000000000000000500000000000000000000000000000   260319078          00000000000000                                                                  000217
1020874591800017100000090345100240370REGTIT26211903073333     0000000000005992649P000000000000000000000000090625031919030733330000000000005992649P290319000000000699010403492  000000000000000000000000000000000000000000000000000000000000000000000000000000000000000699000000000000000000000000000   260319078          00000000000000                                                                  000218
1020874591800017100000090345100240370REGTIT2285996874549114   000000009000597012350000000000000000000000000906250319996874549100000000900059701235140319000000001936734104012  000000000000000000000000000000000000000000000000000000000000000000000000000000000000002007300000000007060000000000000   260319078          00000000000000                                                                  000219
1020874591800017100000090345100240370REGTIT2342997093813002   0000000090005976055P000000000000000000000000090625031999709381300000000090005976055P230319000000001694310400389  000000000000000000000000000000000000000000000000000000000000000000000000000000000000001694300000000000000000000000000   260319078          00000000000000                                                                  000220
1020874591800017100000090345100240370REGTIT2369997211620716   0000000090005976833P000000000000000000000000090625031999721162070000000090005976833P240319000000001422734107501  000000000000000000000000000000000000000000000000000000000000000000000000000000000000001422700000000000000000000000000   260319078          00000000000000                                                                  000221
1020874591800017100000090345100240370REGTIT2626996413813129   000000009000599303580000000000000000000000000906250319996413813100000000900059930358250319000000003990010402864  000000000000000000000000000000000000000000000000000000000000000000000000000000000000003990000000000000000000000000000   260319078          00000000000000                                                                  000222
1020874591800017100000090345100240370REGTIT263499732763997    000000009000599353170000000000000000000000000906250319997327639900000000900059935317250319000000002397010403510  000000000000000000000000000000000000000000000000000000000000000000000000000000000000002397000000000000000000000000000   260319078          00000000000000                                                                  000223
1020874591800017100000090345100240370REGTIT2637997238969618   000000009000599383160000000000000000000000000906250319997238969600000000900059938316210319000000001498310403371  000000000000000000000000000000000000000000000000000000000000000000000000000000000000001537000000000003870000000000000   260319078          00000000000000                                                                  000224
1020874591800017100000090345100240370REGTIT2638997124072151   000000009000599388710000000000000000000000000906250319997124072100000000900059938871290319000000002397075604368  000000000000000000000000000000000000000000000000000000000000000000000000000000000000002397000000000000000000000000000   260319078          00000000000000                                                                  000225
1020874591800017100000090345100240370REGTIT2641997280755726   000000009000599418560000000000000000000000000906250319997280755700000000900059941856250319000000001669510403510  000000000000000000000000000000000000000000000000000000000000000000000000000000000000001669500000000000000000000000000   260319078          00000000000000                                                                  000226
1020874591800017100000090345100240370REGTIT264299687365879    000000009000599422080000000000000000000000000906250319996873658700000000900059942208010419000000001800010402937  000000000000000000000000000000000000000000000000000000000000000000000000000000000000001800000000000000000000000000000   260319078          00000000000000                                                                  000227
1020874591800017100000090345100240370REGTIT2648997276337738   000000009000599481680000000000000000000000000906250319997276337700000000900059948168250319000000004197034103705  000000000000000000000000000000000000000000000000000000000000000000000000000000000000004197000000000000000000000000000   260319078          00000000000000                                                                  000228
1020874591800017100000090345100240370REGTIT2648996412128141   000000009000599483030000000000000000000000000906250319996412128100000000900059948303250319000000002447334101688  000000000000000000000000000000000000000000000000000000000000000000000000000000000000002447300000000000000000000000000   260319078          00000000000000                                                                  000229
1020874591800017100000090345100240370REGTIT2648996719793156   000000009000599483380000000000000000000000000906250319996719793100000000900059948338250319000000005792003300807  000000000000000000000000000000000000000000000000000000000000000000000000000000000000005792000000000000000000000000000   260319078          00000000000000                                                                  000230
1020874591800017100000090345100240370REGTIT14711809063597     000000000000593301980000000000000000000000000910250319180906359700000000000059330198231118000000001549023700000  000000000000000000000000000000000000000000000000000000000000000000000000000000000000000000000000000000000000000000000                          1600000000                                                                  000231
1020874591800017100000090345100240370REGTIT14711809071183     000000000000593594470000000000000000000000000910250319180907118300000000000059359447231118000000000998023700000  000000000000000000000000000000000000000000000000000000000000000000000000000000000000000000000000000000000000000000000                          1600000000                                                                  000232
1020874591800017100000090345100240370REGTIT16601810026937     000000000000594156060000000000000000000000000910250319181002693700000000000059415606231118000000003046523700000  000000000000000000000000000000000000000000000000000000000000000000000000000000000000000000000000000000000000000000000                          1600000000                                                                  000233
1020874591800017100000090345100240370REGTIT16601810071183     000000000000594519550000000000000000000000000910250319181007118300000000000059451955231118000000000998023700000  000000000000000000000000000000000000000000000000000000000000000000000000000000000000000000000000000000000000000000000                          1600000000                                                                  000234
1020874591800017100000090345100240370REGTIT16601810072240     000000000000594614890000000000000000000000000910250319181007224000000000000059461489231118000000000998023700000  000000000000000000000000000000000000000000000000000000000000000000000000000000000000000000000000000000000000000000000                          1600000000                                                                  000235
1020874591800017100000090345100240370REGTIT16601810072241     000000000000594614970000000000000000000000000910250319181007224100000000000059461497241118000000001299023700000  000000000000000000000000000000000000000000000000000000000000000000000000000000000000000000000000000000000000000000000                          1600000000                                                                  000236
1020874591800017100000090345100240370REGTIT1959996477242697   000000009000595791700000000000000000000000000910250319996477242600000000900059579170231118000000004647023700000  000000000000000000000000000000000000000000000000000000000000000000000000000000000000000000000000000000000000000000000                          1600000000                                                                  000237
1020874591800017100000090345100240370                         000000009000598560340000000000000000000000000917250319          00000000900059856034000000000000002310023706583  000000000000000000000000000000000000000000000000000000000000000000000000000000000000002310000000000000000000000000000   260319002              0000000000                                                                  000238
1020874591800017100000090345100240370REGTIT26511607064298     000000009000548603780000000000000000000000000927250319160706429800000000900054860378290716000000000998023700000  000000000000000000000000000000000000000000000000000000000000000000000000000000000000000000000000000000000000000000000                          6000000000                                                                  000239
9201237          000064240000009265213700000572          00000000000000000000003477381002270000034475040000700000013535500000000000000000000000000000000000000000000000000000000000000000000                                                                                                                                                                              00000000000000000000000         000240
