02RETORNO01COBRANCA       00000000000004972103WC SISTEMAS E EQUIPAMENTOS DE 237BRADESCO       1403190160000000565                                                                                                                                                                                                                                                                          150319         000001
1020874591800017100000090345100240370REGTIT2626997066596618   0000000090005993034P000000000000000000000000090214031999706659660000000090005993034P150319000000004980023704144  000000000014300000000000000000000000000000000000000000000000000000000000000000000000000000000000000000000000000000000                          0000000000                                                                  000002
1020874591800017100000090345100240370REGTIT2626996413813129   000000009000599303580000000000000000000000000902140319996413813100000000900059930358250319000000003990023704157  000000000014300000000000000000000000000000000000000000000000000000000000000000000000000000000000000000000000000000000                          7600000000                                                                  000003
1020874591800017100000090345100240370REGTIT2626997228323738   000000009000599303660000000000000000000000000902140319997228323700000000900059930366250319000000001800023704144  000000000014300000000000000000000000000000000000000000000000000000000000000000000000000000000000000000000000000000000                          0000000000                                                                  000004
1020874591800017100000090345100240370REGTIT2627997129828527   000000009000599303820000000000000000000000000902140319997129828500000000900059930382290319000000000998023703451  000000000014300000000000000000000000000000000000000000000000000000000000000000000000000000000000000000000000000000000                          0000000000                                                                  000005
1020874591800017100000090345100240370REGTIT26241903000073     000000000000598781420000000000000000000000000903140319190300007300000000000059878142290319000000000049523704144  000000000000000000000000000000000000000000000000000000000000000000000000000000000000000000000000000000000000000000000                          4600000000                                                                  000006
1020874591800017100000090345100240370REGTIT26241903000764     000000000000598782150000000000000000000000000903140319190300076400000000000059878215290319000000046820623704144  000000000000000000000000000000000000000000000000000000000000000000000000000000000000000000000000000000000000000000000                          4600000000                                                                  000007
1020874591800017100000090345100240370REGTIT22981901024326     0000000000005970537P000000000000000000000000090614031919010243260000000000005970537P300119000000001448003302190  000000000000000000000000000000000000000000000000000000000000000000000000000000000000001571500000000012350000000000000   150319078          00000000000000                                                                  000008
1020874591800017100000090345100240370REGTIT22981901065621     000000000000597167030000000000000000000000000906140319190106562100000000000059716703300119000000001542400101458  000000000000000000000000000000000000000000000000000000000000000000000000000000000000001672100000000012970000000000000   150319078          00000000000000                                                                  000009
1020874591800017100000090345100240370REGTIT22981901066202     000000000000597188110000000000000000000000000906140319190106620200000000000059718811300119000000001449003304646  000000000000000000000000000000000000000000000000000000000000000000000000000000000000001572500000000012350000000000000   150319078          00000000000000                                                                  000010
1020874591800017100000090345100240370REGTIT22981901069765     000000000000597318930000000000000000000000000906140319190106976500000000000059731893300119000000001105703303731  000000000000000000000000000000000000000000000000000000000000000000000000000000000000001200900000000009520000000000000   150319078          00000000000000                                                                  000011
1020874591800017100000090345100240370REGTIT22981901072429     000000000000597474470000000000000000000000000906140319190107242900000000000059747447300119000000000998023700426  000000000000000000000000000000000000000000000000000000000000000000000000000000000000001082400000000008440000000000000   150319066          00000000000000                                                                  000012
1020874591800017100000090345100240370REGTIT22981901072873     000000000000597514950000000000000000000000000906140319190107287300000000000059751495300119000000000998000103848  000000000000000000000000000000000000000000000000000000000000000000000000000000000000001082400000000008440000000000000   150319078          00000000000000                                                                  000013
1020874591800017100000090345100240370REGTIT24411902011421     000000000000597926630000000000000000000000000906140319190201142100000000000059792663280219000000002047110403371  000000000000000000000000000000000000000000000000000000000000000000000000000000000000002131400000000008430000000000000   150319078          00000000000000                                                                  000014
1020874591800017100000090345100240370REGTIT24411902021558     0000000000005979352P000000000000000000000000090614031919020215580000000000005979352P280219000000000998010402997  000000000000000000000000000000000000000000000000000000000000000000000000000000000000001038900000000004090000000000000   150319078          00000000000000                                                                  000015
1020874591800017100000090345100240370REGTIT24411902035039     000000000000597948790000000000000000000000000906140319190203503900000000000059794879280219000000000998000103848  000000000000000000000000000000000000000000000000000000000000000000000000000000000000001038900000000004090000000000000   150319078          00000000000000                                                                  000016
1020874591800017100000090345100240370REGTIT24411902045532     000000000000597959800000000000000000000000000906140319190204553200000000000059795980280219000000001456900105784  000000000000000000000000000000000000000000000000000000000000000000000000000000000000001516800000000005990000000000000   150319078          00000000000000                                                                  000017
1020874591800017100000090345100240370REGTIT24411902048194     000000000000597963240000000000000000000000000906140319190204819400000000000059796324280219000000002144010403253  000000000000000000000000000000000000000000000000000000000000000000000000000000000000002231600000000008760000000000000   150319078          00000000000000                                                                  000018
1020874591800017100000090345100240370REGTIT24411902054799     0000000000005979738P000000000000000000000000090614031919020547990000000000005979738P280219000000001558000104303  000000000000000000000000000000000000000000000000000000000000000000000000000000000000001621300000000006330000000000000   150319078          00000000000000                                                                  000019
1020874591800017100000090345100240370REGTIT24411902058148     000000000000597980840000000000000000000000000906140319190205814800000000000059798084280219000000001791910401569  000000000000000000000000000000000000000000000000000000000000000000000000000000000000001865500000000007360000000000000   150319078          00000000000000                                                                  000020
1020874591800017100000090345100240370REGTIT24411902058659     000000000000597983190000000000000000000000000906140319190205865900000000000059798319280219000000001828023700479  000000000000000000000000000000000000000000000000000000000000000000000000000000000000001902300000000007430000000000000   150319002          00000000000000                                                                  000021
1020874591800017100000090345100240370REGTIT24411902063387     000000000000598008010000000000000000000000000906140319190206338700000000000059800801280219000000002198075602359  000000000000000000000000000000000000000000000000000000000000000000000000000000000000002288100000000009010000000000000   150319078          00000000000000                                                                  000022
1020874591800017100000090345100240370REGTIT24411902063557     000000000000598010180000000000000000000000000906140319190206355700000000000059801018280219000000000799003300062  000000000000000000000000000000000000000000000000000000000000000000000000000000000000000831700000000003270000000000000   150319078          00000000000000                                                                  000023
1020874591800017100000090345100240370REGTIT24411902063838     000000000000598013360000000000000000000000000906140319190206383800000000000059801336280219000000001699023701672  000000000000000000000000000000000000000000000000000000000000000000000000000000000000001767900000000006890000000000000   150319035          00000000000000                                                                  000024
1020874591800017100000090345100240370REGTIT24411902064613     0000000000005980243P000000000000000000000000090614031919020646130000000000005980243P280219000000001848023700071  000000000000000000000000000000000000000000000000000000000000000000000000000000000000001924100000000007610000000000000   150319082          00000000000000                                                                  000025
1020874591800017100000090345100240370REGTIT24411902065621     000000000000598048820000000000000000000000000906140319190206562100000000000059804882280219000000001658500101458  000000000000000000000000000000000000000000000000000000000000000000000000000000000000001726600000000006810000000000000   150319078          00000000000000                                                                  000026
1020874591800017100000090345100240370REGTIT24411902066314     000000000000598074070000000000000000000000000906140319190206631400000000000059807407280219000000001448034104013  000000000000000000000000000000000000000000000000000000000000000000000000000000000000001507700000000005970000000000000   150319078          00000000000000                                                                  000027
1020874591800017100000090345100240370REGTIT24411902066455     000000000000598079460000000000000000000000000906140319190206645500000000000059807946280219000000001698034102947  000000000000000000000000000000000000000000000000000000000000000000000000000000000000001766900000000006890000000000000   150319078          00000000000000                                                                  000028
1020874591800017100000090345100240370REGTIT24411902066968     000000000000598101060000000000000000000000000906140319190206696800000000000059810106280219000000001298010403915  000000000000000000000000000000000000000000000000000000000000000000000000000000000000001350500000000005250000000000000   150319078          00000000000000                                                                  000029
1020874591800017100000090345100240370REGTIT24411902067102     000000000000598107420000000000000000000000000906140319190206710200000000000059810742280219000000001249010402975  000000000000000000000000000000000000000000000000000000000000000000000000000000000000001300500000000005150000000000000   150319078          00000000000000                                                                  000030
1020874591800017100000090345100240370REGTIT24411902067246     0000000000005981134P000000000000000000000000090614031919020672460000000000005981134P280219000000001399034105520  000000000000000000000000000000000000000000000000000000000000000000000000000000000000001456300000000005730000000000000   150319078          00000000000000                                                                  000031
1020874591800017100000090345100240370REGTIT24411902067421     000000000000598120600000000000000000000000000906140319190206742100000000000059812060280219000000001241703301467  000000000000000000000000000000000000000000000000000000000000000000000000000000000000001293100000000005140000000000000   150319078          00000000000000                                                                  000032
1020874591800017100000090345100240370REGTIT24411902067453     000000000000598122490000000000000000000000000906140319190206745300000000000059812249280219000000001598034101538  000000000000000000000000000000000000000000000000000000000000000000000000000000000000001663500000000006550000000000000   150319078          00000000000000                                                                  000033
1020874591800017100000090345100240370REGTIT24411902067512     000000000000598124780000000000000000000000000906140319190206751200000000000059812478280219000000001348034103811  000000000000000000000000000000000000000000000000000000000000000000000000000000000000001402900000000005490000000000000   150319078          00000000000000                                                                  000034
1020874591800017100000090345100240370REGTIT24411902067641     000000000000598129900000000000000000000000000906140319190206764100000000000059812990280219000000000599023705760  000000000000000000000000000000000000000000000000000000000000000000000000000000000000000623500000000002450000000000000   150319035          00000000000000                                                                  000035
1020874591800017100000090345100240370REGTIT24411902067740     000000000000598133180000000000000000000000000906140319190206774000000000000059813318280219000000001598010400406  000000000000000000000000000000000000000000000000000000000000000000000000000000000000001663500000000006550000000000000   150319078          00000000000000                                                                  000036
1020874591800017100000090345100240370REGTIT24411902067929     000000000000598137920000000000000000000000000906140319190206792900000000000059813792280219000000000734934100616  000000000000000000000000000000000000000000000000000000000000000000000000000000000000000764900000000003000000000000000   150319078          00000000000000                                                                  000037
1020874591800017100000090345100240370REGTIT24411902068060     000000000000598142090000000000000000000000000906140319190206806000000000000059814209280219000000000799010401284  000000000000000000000000000000000000000000000000000000000000000000000000000000000000000831700000000003270000000000000   150319078          00000000000000                                                                  000038
1020874591800017100000090345100240370REGTIT24411902068192     000000000000598146160000000000000000000000000906140319190206819200000000000059814616280219000000001121010403414  000000000000000000000000000000000000000000000000000000000000000000000000000000000000001167200000000004620000000000000   150319078          00000000000000                                                                  000039
1020874591800017100000090345100240370REGTIT24411902068218     000000000000598147130000000000000000000000000906140319190206821800000000000059814713280219000000001378123701886  000000000000000000000000000000000000000000000000000000000000000000000000000000000000001435000000000005690000000000000   150319074          00000000000000                                                                  000040
1020874591800017100000090345100240370REGTIT24411902068314     0000000000005981506P000000000000000000000000090614031919020683140000000000005981506P280219000000001448034107768  000000000000000000000000000000000000000000000000000000000000000000000000000000000000001507700000000005970000000000000   150319078          00000000000000                                                                  000041
1020874591800017100000090345100240370REGTIT24411902068381     000000000000598152990000000000000000000000000906140319190206838100000000000059815299280219000000001249010401630  000000000000000000000000000000000000000000000000000000000000000000000000000000000000001300500000000005150000000000000   150319078          00000000000000                                                                  000042
1020874591800017100000090345100240370REGTIT24411902068729     0000000000005981635P000000000000000000000000090614031919020687290000000000005981635P280219000000001647003301563  000000000000000000000000000000000000000000000000000000000000000000000000000000000000001714900000000006790000000000000   150319078          00000000000000                                                                  000043
1020874591800017100000090345100240370REGTIT24411902068994     000000000000598170460000000000000000000000000906140319190206899400000000000059817046280219000000001448010401266  000000000000000000000000000000000000000000000000000000000000000000000000000000000000001507700000000005970000000000000   150319078          00000000000000                                                                  000044
1020874591800017100000090345100240370REGTIT24411902069560     000000000000598188400000000000000000000000000906140319190206956000000000000059818840280219000000001448034108425  000000000000000000000000000000000000000000000000000000000000000000000000000000000000001507700000000005970000000000000   150319078          00000000000000                                                                  000045
1020874591800017100000090345100240370REGTIT24411902069609     000000000000598190570000000000000000000000000906140319190206960900000000000059819057280219000000001348010403708  000000000000000000000000000000000000000000000000000000000000000000000000000000000000001402900000000005490000000000000   150319078          00000000000000                                                                  000046
1020874591800017100000090345100240370REGTIT24411902069656     000000000000598191890000000000000000000000000906140319190206965600000000000059819189280219000000001485834107732  000000000000000000000000000000000000000000000000000000000000000000000000000000000000001546300000000006050000000000000   150319078          00000000000000                                                                  000047
1020874591800017100000090345100240370REGTIT24411902070043     000000000000598206240000000000000000000000000906140319190207004300000000000059820624280219000000000998010404437  000000000000000000000000000000000000000000000000000000000000000000000000000000000000001038900000000004090000000000000   150319078          00000000000000                                                                  000048
1020874591800017100000090345100240370REGTIT24411902070360     000000000000598218330000000000000000000000000906140319190207036000000000000059821833280219000000001348010400179  000000000000000000000000000000000000000000000000000000000000000000000000000000000000001402900000000005490000000000000   150319078          00000000000000                                                                  000049
1020874591800017100000090345100240370REGTIT24411902070825     000000000000598238870000000000000000000000000906140319190207082500000000000059823887280219000000001050010400385  000000000000000000000000000000000000000000000000000000000000000000000000000000000000001093400000000004340000000000000   150319078          00000000000000                                                                  000050
1020874591800017100000090345100240370REGTIT24411902071058     000000000000598250570000000000000000000000000906140319190207105800000000000059825057280219000000000799010403915  000000000000000000000000000000000000000000000000000000000000000000000000000000000000000831700000000003270000000000000   150319078          00000000000000                                                                  000051
1020874591800017100000090345100240370REGTIT24411902071703     000000000000598290440000000000000000000000000906140319190207170300000000000059829044280219000000000899023705901  000000000000000000000000000000000000000000000000000000000000000000000000000000000000000935100000000003610000000000000   150319066          00000000000000                                                                  000052
1020874591800017100000090345100240370REGTIT24411902071872     000000000000598301660000000000000000000000000906140319190207187200000000000059830166280219000000000998010402224  000000000000000000000000000000000000000000000000000000000000000000000000000000000000001038900000000004090000000000000   150319078          00000000000000                                                                  000053
1020874591800017100000090345100240370REGTIT24411902072003     000000000000598311890000000000000000000000000906140319190207200300000000000059831189280219000000000998003301090  000000000000000000000000000000000000000000000000000000000000000000000000000000000000001038900000000004090000000000000   150319078          00000000000000                                                                  000054
1020874591800017100000090345100240370REGTIT24411902072011     000000000000598312430000000000000000000000000906140319190207201100000000000059831243280219000000000998010401266  000000000000000000000000000000000000000000000000000000000000000000000000000000000000001038900000000004090000000000000   150319078          00000000000000                                                                  000055
1020874591800017100000090345100240370REGTIT24411902072201     000000000000598325920000000000000000000000000906140319190207220100000000000059832592280219000000000799023706026  000000000000000000000000000000000000000000000000000000000000000000000000000000000000000831700000000003270000000000000   150319066          00000000000000                                                                  000056
1020874591800017100000090345100240370REGTIT24411902072309     000000000000598333860000000000000000000000000906140319190207230900000000000059833386280219000000000998003300814  000000000000000000000000000000000000000000000000000000000000000000000000000000000000001038900000000004090000000000000   150319078          00000000000000                                                                  000057
1020874591800017100000090345100240370REGTIT24411902072327     000000000000598335210000000000000000000000000906140319190207232700000000000059833521280219000000000799003303812  000000000000000000000000000000000000000000000000000000000000000000000000000000000000000831700000000003270000000000000   150319078          00000000000000                                                                  000058
1020874591800017100000090345100240370REGTIT24411902072382     000000000000598339470000000000000000000000000906140319190207238200000000000059833947280219000000000998075604368  000000000000000000000000000000000000000000000000000000000000000000000000000000000000001038900000000004090000000000000   150319078          00000000000000                                                                  000059
1020874591800017100000090345100240370REGTIT24411902072416     000000000000598342180000000000000000000000000906140319190207241600000000000059834218280219000000000998010401861  000000000000000000000000000000000000000000000000000000000000000000000000000000000000001038900000000004090000000000000   150319078          00000000000000                                                                  000060
1020874591800017100000090345100240370REGTIT24411902072429     000000000000598343150000000000000000000000000906140319190207242900000000000059834315280219000000000998023700426  000000000000000000000000000000000000000000000000000000000000000000000000000000000000001038900000000004090000000000000   150319066          00000000000000                                                                  000061
1020874591800017100000090345100240370REGTIT24411902072505     000000000000598348540000000000000000000000000906140319190207250500000000000059834854280219000000000799003304388  000000000000000000000000000000000000000000000000000000000000000000000000000000000000000831700000000003270000000000000   150319078          00000000000000                                                                  000062
1020874591800017100000090345100240370REGTIT24411902072517     000000000000598349510000000000000000000000000906140319190207251700000000000059834951280219000000000799023701205  000000000000000000000000000000000000000000000000000000000000000000000000000000000000000831700000000003270000000000000   150319074          00000000000000                                                                  000063
1020874591800017100000090345100240370REGTIT24411902072588     000000000000598355160000000000000000000000000906140319190207258800000000000059835516280219000000000998003301012  000000000000000000000000000000000000000000000000000000000000000000000000000000000000001038900000000004090000000000000   150319078          00000000000000                                                                  000064
1020874591800017100000090345100240370REGTIT24411902072693     000000000000598364310000000000000000000000000906140319190207269300000000000059836431280219000000000998034104012  000000000000000000000000000000000000000000000000000000000000000000000000000000000000001038900000000004090000000000000   150319078          00000000000000                                                                  000065
1020874591800017100000090345100240370REGTIT24411902072731     0000000000005983675P000000000000000000000000090614031919020727310000000000005983675P280219000000001298034103709  000000000000000000000000000000000000000000000000000000000000000000000000000000000000001350500000000005250000000000000   150319078          00000000000000                                                                  000066
1020874591800017100000090345100240370REGTIT24411902072873     000000000000598380430000000000000000000000000906140319190207287300000000000059838043280219000000000998000103848  000000000000000000000000000000000000000000000000000000000000000000000000000000000000001038900000000004090000000000000   150319078          00000000000000                                                                  000067
1020874591800017100000090345100240370REGTIT24411902073019     000000000000598394140000000000000000000000000906140319190207301900000000000059839414280219000000000998074807057  000000000000000000000000000000000000000000000000000000000000000000000000000000000000001038900000000004090000000000000   150319078          00000000000000                                                                  000068
1020874591800017100000090345100240370REGTIT24411902073020     000000000000598394220000000000000000000000000906140319190207302000000000000059839422280219000000000998010400017  000000000000000000000000000000000000000000000000000000000000000000000000000000000000001038900000000004090000000000000   150319078          00000000000000                                                                  000069
1020874591800017100000090345100240370REGTIT24411902073175     000000000000598408460000000000000000000000000906140319190207317500000000000059840846280219000000000998010403342  000000000000000000000000000000000000000000000000000000000000000000000000000000000000001038900000000004090000000000000   150319078          00000000000000                                                                  000070
1020874591800017100000090345100240370REGTIT26211903007585     000000000000598787890000000000000000000000000906140319190300758500000000000059878789290319000000002654534104529  000000000000000000000000000000000000000000000000000000000000000000000000000000000000002654500000000000000000000000000   150319078          00000000000000                                                                  000071
1020874591800017100000090345100240370REGTIT26211903021282     000000000000598798900000000000000000000000000906140319190302128200000000000059879890290319000000003103434104409  000000000000000000000000000000000000000000000000000000000000000000000000000000000000003103400000000000000000000000000   150319078          00000000000000                                                                  000072
1020874591800017100000090345100240370REGTIT26211903026169     000000000000598803760000000000000000000000000906140319190302616900000000000059880376290319000000001348034108560  000000000000000000000000000000000000000000000000000000000000000000000000000000000000001348000000000000000000000000000   150319078          00000000000000                                                                  000073
1020874591800017100000090345100240370REGTIT26211903038641     000000000000598814530000000000000000000000000906140319190303864100000000000059881453290319000000000924003304453  000000000000000000000000000000000000000000000000000000000000000000000000000000000000000924000000000000000000000000000   150319078          00000000000000                                                                  000074
1020874591800017100000090345100240370REGTIT26211903062422     000000000000598859550000000000000000000000000906140319190306242200000000000059885955290319000000002113234107778  000000000000000000000000000000000000000000000000000000000000000000000000000000000000002113200000000000000000000000000   150319078          00000000000000                                                                  000075
1020874591800017100000090345100240370REGTIT26211903062905     000000000000598863900000000000000000000000000906140319190306290500000000000059886390290319000000001768610400873  000000000000000000000000000000000000000000000000000000000000000000000000000000000000001768600000000000000000000000000   150319078          00000000000000                                                                  000076
1020874591800017100000090345100240370REGTIT26211903065403     000000000000598902150000000000000000000000000906140319190306540300000000000059890215290319000000001398423702271  000000000000000000000000000000000000000000000000000000000000000000000000000000000000001398400000000000000000000000000   150319035          00000000000000                                                                  000077
1020874591800017100000090345100240370REGTIT26211903066694     000000000000598948650000000000000000000000000906140319190306669400000000000059894865290319000000001698003300812  000000000000000000000000000000000000000000000000000000000000000000000000000000000000001698000000000000000000000000000   150319078          00000000000000                                                                  000078
1020874591800017100000090345100240370REGTIT26211903072789     000000000000599216760000000000000000000000000906140319190307278900000000000059921676290319000000000599010400393  000000000000000000000000000000000000000000000000000000000000000000000000000000000000000599000000000000000000000000000   150319078          00000000000000                                                                  000079
1020874591800017100000090345100240370REGTIT26211903073023     000000000000599236790000000000000000000000000906140319190307302300000000000059923679290319000000000998010400356  000000000000000000000000000000000000000000000000000000000000000000000000000000000000000998000000000000000000000000000   150319078          00000000000000                                                                  000080
1020874591800017100000090345100240370REGTIT26211903073275     000000000000599259650000000000000000000000000906140319190307327500000000000059925965290319000000000998023705726  000000000000000000000000000000000000000000000000000000000000000000000000000000000000000998000000000000000000000000000   150319035          00000000000000                                                                  000081
1020874591800017100000090345100240370REGTIT2455997021958121   000000009000598439270000000000000000000000000906140319997021958100000000900059843927140319000000001996000103007  000000000000000000000000000000000000000000000000000000000000000000000000000000000000001996000000000000000000000000000   150319078          00000000000000                                                                  000082
1020874591800017100000090345100240370REGTIT2607996979541241   000000009000598718230000000000000000000000000906140319996979541200000000900059871823120319000000002765010400381  000000000000000000000000000000000000000000000000000000000000000000000000000000000000002828500000000006350000000000000   150319078          00000000000000                                                                  000083
1020874591800017100000090345100240370REGTIT2607997108510651   000000009000598719120000000000000000000000000906140319997108510600000000900059871912140319000000001380100101467  000000000000000000000000000000000000000000000000000000000000000000000000000000000000001380100000000000000000000000000   150319078          00000000000000                                                                  000084
1020874591800017100000090345100240370REGTIT2607996584770409   000000009000598720050000000000000000000000000906140319996584770400000000900059872005120319000000002622003300809  000000000000000000000000000000000000000000000000000000000000000000000000000000000000002682200000000006020000000000000   150319078          00000000000000                                                                  000085
1020874591800017100000090345100240370REGTIT2616996734716621   000000009000598771200000000000000000000000000906140319996734716600000000900059877120150319000000003660034108613  000000000000000000000000000000000000000000000000000000000000000000000000000000000000003660000000000000000000000000000   150319078          00000000000000                                                                  000086
1020874591800017100000090345100240370REGTIT2623997210728683   000000009000599279930000000000000000000000000906140319997210728600000000900059927993140319000000002994010401632  000000000000000000000000000000000000000000000000000000000000000000000000000000000000002994000000000000000000000000000   150319078          00000000000000                                                                  000087
1020874591800017100000090345100240370REGTIT26211903071187     000000000000599108950000000000000000000000000909140319190307118700000000000059910895290319000000000799023704150  000000000000000000000000000000000000000000000000000000000000000000000000000000000000000000000000000000000000000000000                          0000000000                                                                  000088
1020874591800017100000090345100240370REGTIT26211903071314     000000000000599116890000000000000000000000000909140319190307131400000000000059911689290319000000000998023704150  000000000000000000000000000000000000000000000000000000000000000000000000000000000000000000000000000000000000000000000                          0000000000                                                                  000089
1020874591800017100000090345100240370REGTIT22981901072212     000000000000597456570000000000000000000000000912140319190107221200000000000059745657300119000000000998023704150  000000000000000000000000000000000000000000000000000000000000008140000000000000000000000000000000000000000000000000000                          0000000000                                                                  000090
1020874591800017100000090345100240370REGTIT24411902072212     000000000000598326810000000000000000000000000912140319190207221200000000000059832681280219000000000998023704150  000000000000000000000000000000000000000000000000000000000000004100000000000000000000000000000000000000000000000000000                          0000000000                                                                  000091
1020874591800017100000090345100240370REGTIT26211903069731     000000000000599050850000000000000000000000000912140319190306973100000000000059905085290319000000001348023704150  000000000000000000000000000000000000000000000000000000000000025000000000000000000000000000000000000000000000000000000                          0000000000                                                                  000092
1020874591800017100000090345100240370REGTIT26251707067747     000000000000577088510000000000000000000000000927140319170706774700000000000057708851310717000000000799023700000  000000000000000000000000000000000000000000000000000000000000000000000000000000000000000000000000000000000000000000000                          6000000000                                                                  000093
1020874591800017100000090345100240370REGTIT26251708067747     000000000000578220770000000000000000000000000927140319170806774700000000000057822077310817000000000799023700000  000000000000000000000000000000000000000000000000000000000000000000000000000000000000000000000000000000000000000000000                          6000000000                                                                  000094
9201237          000070510000010109257800000565          00004000000117680000001154107000800000011173120000200000001797000000000000000000000000000000000000000300000003344000000000000000000                                                                                                                                                                              00000000000000000000000         000095
