02RETORNO01COBRANCA       00000000000004972103WC SISTEMAS E EQUIPAMENTOS DE 237BRADESCO       2003190160000000569                                                                                                                                                                                                                                                                          210319         000001
1020874591800017100000090345100240370REGTIT2641997057740813   000000009000599417910000000000000000000000000902200319997057740800000000900059941791210319000000001526423704144  000000000014300000000000000000000000000000000000000000000000000000000000000000000000000000000000000000000000000000000                          0000000000                                                                  000002
1020874591800017100000090345100240370REGTIT2641997057714769   000000009000599418050000000000000000000000000902200319997057714700000000900059941805210419000000001526423704144  000000000014300000000000000000000000000000000000000000000000000000000000000000000000000000000000000000000000000000000                          0000000000                                                                  000003
1020874591800017100000090345100240370REGTIT2641997057768630   000000009000599418130000000000000000000000000902200319997057768600000000900059941813210519000000001526423704144  000000000014300000000000000000000000000000000000000000000000000000000000000000000000000000000000000000000000000000000                          0000000000                                                                  000004
1020874591800017100000090345100240370REGTIT2641997067654289   000000009000599418210000000000000000000000000902200319997067654200000000900059941821210319000000001797323704144  000000000014300000000000000000000000000000000000000000000000000000000000000000000000000000000000000000000000000000000                          0000000000                                                                  000005
1020874591800017100000090345100240370REGTIT2641997067632540   0000000090005994183P000000000000000000000000090220031999706763250000000090005994183P210419000000001797323704144  000000000014300000000000000000000000000000000000000000000000000000000000000000000000000000000000000000000000000000000                          0000000000                                                                  000006
1020874591800017100000090345100240370REGTIT2641997067675916   000000009000599418480000000000000000000000000902200319997067675900000000900059941848210519000000001797323704144  000000000014300000000000000000000000000000000000000000000000000000000000000000000000000000000000000000000000000000000                          0000000000                                                                  000007
1020874591800017100000090345100240370REGTIT2641997280755726   000000009000599418560000000000000000000000000902200319997280755700000000900059941856250319000000001669523704144  000000000014300000000000000000000000000000000000000000000000000000000000000000000000000000000000000000000000000000000                          0000000000                                                                  000008
1020874591800017100000090345100240370REGTIT2641997280754526   000000009000599418640000000000000000000000000902200319997280754500000000900059941864250419000000001669523704144  000000000014300000000000000000000000000000000000000000000000000000000000000000000000000000000000000000000000000000000                          0000000000                                                                  000009
1020874591800017100000090345100240370REGTIT2641997084549818   000000009000599418720000000000000000000000000902200319997084549800000000900059941872270319000000001590023704144  000000000014300000000000000000000000000000000000000000000000000000000000000000000000000000000000000000000000000000000                          7600000000                                                                  000010
1020874591800017100000090345100240370REGTIT2641997084521650   000000009000599418800000000000000000000000000902200319997084521600000000900059941880270419000000001590023704144  000000000014300000000000000000000000000000000000000000000000000000000000000000000000000000000000000000000000000000000                          7600000000                                                                  000011
1020874591800017100000090345100240370REGTIT2641997139619926   000000009000599420890000000000000000000000000902200319997139619900000000900059942089290319000000003300023704144  000000000014300000000000000000000000000000000000000000000000000000000000000000000000000000000000000000000000000000000                          0000000000                                                                  000012
1020874591800017100000090345100240370REGTIT2641995437428104   000000009000599420970000000000000000000000000902200319995437428100000000900059942097290319000000002397023704144  000000000014300000000000000000000000000000000000000000000000000000000000000000000000000000000000000000000000000000000                          0000000000                                                                  000013
1020874591800017100000090345100240370REGTIT2641997310644031   000000009000599421780000000000000000000000000902200319997310644000000000900059942178290319000000002397023704144  000000000014300000000000000000000000000000000000000000000000000000000000000000000000000000000000000000000000000000000                          0000000000                                                                  000014
1020874591800017100000090345100240370REGTIT264299687365879    000000009000599422080000000000000000000000000902200319996873658700000000900059942208010419000000001800023704144  000000000014300000000000000000000000000000000000000000000000000000000000000000000000000000000000000000000000000000000                          0000000000                                                                  000015
1020874591800017100000090345100240370REGTIT2642997326892567   000000009000599422160000000000000000000000000902200319997326892500000000900059942216010419000000002100023704157  000000000014300000000000000000000000000000000000000000000000000000000000000000000000000000000000000000000000000000000                          0000000000                                                                  000016
1020874591800017100000090345100240370REGTIT26401903000073     000000000000598781420000000000000000000000000903200319190300007300000000000059878142290319000000000049523704144  000000000000000000000000000000000000000000000000000000000000000000000000000000000000000000000000000000000000000000000                          4600000000                                                                  000017
1020874591800017100000090345100240370REGTIT26401903000764     000000000000598782150000000000000000000000000903200319190300076400000000000059878215290319000000046820623704144  000000000000000000000000000000000000000000000000000000000000000000000000000000000000000000000000000000000000000000000                          4600000000                                                                  000018
1020874591800017100000090345100240370REGTIT24411902043918     000000000000597957780000000000000000000000000906200319190204391800000000000059795778280219000000002178010401302  000000000000000000000000000000000000000000000000000000000000000000000000000000000000002287500000000010950000000000000   210319078          00000000000000                                                                  000019
1020874591800017100000090345100240370REGTIT24411902050261     0000000000005979660P000000000000000000000000090620031919020502610000000000005979660P280219000000001722323701538  000000000000000000000000000000000000000000000000000000000000000000000000000000000000001808700000000008640000000000000   210319082          00000000000000                                                                  000020
1020874591800017100000090345100240370REGTIT24411902050616     000000000000597966850000000000000000000000000906200319190205061600000000000059796685280219000000001052534106663  000000000000000000000000000000000000000000000000000000000000000000000000000000000000001105500000000005300000000000000   210319078          00000000000000                                                                  000021
1020874591800017100000090345100240370REGTIT24411902062363     000000000000597998030000000000000000000000000906200319190206236300000000000059799803280219000000001918023700131  000000000000000000000000000000000000000000000000000000000000000000000000000000000000002014300000000009630000000000000   210319014          00000000000000                                                                  000022
1020874591800017100000090345100240370REGTIT24411902063347     000000000000598007550000000000000000000000000906200319190206334700000000000059800755280219000000000799010401000  000000000000000000000000000000000000000000000000000000000000000000000000000000000000000838900000000003990000000000000   210319078          00000000000000                                                                  000023
1020874591800017100000090345100240370REGTIT24411902064129     000000000000598017430000000000000000000000000906200319190206412900000000000059801743280219000000001349010400385  000000000000000000000000000000000000000000000000000000000000000000000000000000000000001415900000000006690000000000000   210319078          00000000000000                                                                  000024
1020874591800017100000090345100240370REGTIT24411902064618     000000000000598024560000000000000000000000000906200319190206461800000000000059802456280219000000001471510400680  000000000000000000000000000000000000000000000000000000000000000000000000000000000000001544900000000007340000000000000   210319078          00000000000000                                                                  000025
1020874591800017100000090345100240370REGTIT24411902064708     000000000000598025880000000000000000000000000906200319190206470800000000000059802588280219000000001748023706633  000000000000000000000000000000000000000000000000000000000000000000000000000000000000001834900000000008690000000000000   210319002          00000000000000                                                                  000026
1020874591800017100000090345100240370REGTIT24411902065934     000000000000598059350000000000000000000000000906200319190206593400000000000059805935280219000000001159000103968  000000000000000000000000000000000000000000000000000000000000000000000000000000000000001216100000000005710000000000000   210319078          00000000000000                                                                  000027
1020874591800017100000090345100240370REGTIT24411902067691     000000000000598131990000000000000000000000000906200319190206769100000000000059813199280219000000001598034103811  000000000000000000000000000000000000000000000000000000000000000000000000000000000000001677900000000007990000000000000   210319078          00000000000000                                                                  000028
1020874591800017100000090345100240370REGTIT24411902068259     000000000000598148530000000000000000000000000906200319190206825900000000000059814853280219000000001448010400376  000000000000000000000000000000000000000000000000000000000000000000000000000000000000001520900000000007290000000000000   210319078          00000000000000                                                                  000029
1020874591800017100000090345100240370REGTIT24411902068345     000000000000598151590000000000000000000000000906200319190206834500000000000059815159280219000000001448010403387  000000000000000000000000000000000000000000000000000000000000000000000000000000000000001520900000000007290000000000000   210319078          00000000000000                                                                  000030
1020874591800017100000090345100240370REGTIT24411902068386     000000000000598153100000000000000000000000000906200319190206838600000000000059815310280219000000001448003301012  000000000000000000000000000000000000000000000000000000000000000000000000000000000000001520900000000007290000000000000   210319078          00000000000000                                                                  000031
1020874591800017100000090345100240370REGTIT24411902069080     000000000000598173720000000000000000000000000906200319190206908000000000000059817372280219000000001448023702762  000000000000000000000000000000000000000000000000000000000000000000000000000000000000001520900000000007290000000000000   210319035          00000000000000                                                                  000032
1020874591800017100000090345100240370REGTIT24411902069414     000000000000598184250000000000000000000000000906200319190206941400000000000059818425280219000000001198003300814  000000000000000000000000000000000000000000000000000000000000000000000000000000000000001257900000000005990000000000000   210319078          00000000000000                                                                  000033
1020874591800017100000090345100240370REGTIT24411902069701     000000000000598193320000000000000000000000000906200319190206970100000000000059819332280219000000001348023700585  000000000000000000000000000000000000000000000000000000000000000000000000000000000000001414900000000006690000000000000   210319066          00000000000000                                                                  000034
1020874591800017100000090345100240370REGTIT24411902069702     000000000000598193400000000000000000000000000906200319190206970200000000000059819340280219000000001228010403866  000000000000000000000000000000000000000000000000000000000000000000000000000000000000001288500000000006050000000000000   210319078          00000000000000                                                                  000035
1020874591800017100000090345100240370REGTIT24411902069707     000000000000598193670000000000000000000000000906200319190206970700000000000059819367280219000000001249003303731  000000000000000000000000000000000000000000000000000000000000000000000000000000000000001311900000000006290000000000000   210319078          00000000000000                                                                  000036
1020874591800017100000090345100240370REGTIT24411902070165     000000000000598210780000000000000000000000000906200319190207016500000000000059821078280219000000001542023701867  000000000000000000000000000000000000000000000000000000000000000000000000000000000000001618800000000007680000000000000   210319035          00000000000000                                                                  000037
1020874591800017100000090345100240370REGTIT24411902070435     000000000000598221630000000000000000000000000906200319190207043500000000000059822163280219000000001348034100942  000000000000000000000000000000000000000000000000000000000000000000000000000000000000001414900000000006690000000000000   210319078          00000000000000                                                                  000038
1020874591800017100000090345100240370REGTIT24411902071494     000000000000598276530000000000000000000000000906200319190207149400000000000059827653280219000000000799010401286  000000000000000000000000000000000000000000000000000000000000000000000000000000000000000838900000000003990000000000000   210319078          00000000000000                                                                  000039
1020874591800017100000090345100240370REGTIT24411902071495     000000000000598276610000000000000000000000000906200319190207149500000000000059827661280219000000000799010401286  000000000000000000000000000000000000000000000000000000000000000000000000000000000000000838900000000003990000000000000   210319078          00000000000000                                                                  000040
1020874591800017100000090345100240370REGTIT24411902071496     0000000000005982767P000000000000000000000000090620031919020714960000000000005982767P280219000000000799010401286  000000000000000000000000000000000000000000000000000000000000000000000000000000000000000838900000000003990000000000000   210319078          00000000000000                                                                  000041
1020874591800017100000090345100240370REGTIT24411902071497     000000000000598276880000000000000000000000000906200319190207149700000000000059827688280219000000000799010401286  000000000000000000000000000000000000000000000000000000000000000000000000000000000000000838900000000003990000000000000   210319078          00000000000000                                                                  000042
1020874591800017100000090345100240370REGTIT24411902071499     000000000000598276960000000000000000000000000906200319190207149900000000000059827696280219000000000799010401286  000000000000000000000000000000000000000000000000000000000000000000000000000000000000000838900000000003990000000000000   210319078          00000000000000                                                                  000043
1020874591800017100000090345100240370REGTIT24411902071819     000000000000598297960000000000000000000000000906200319190207181900000000000059829796280219000000001299034103822  000000000000000000000000000000000000000000000000000000000000000000000000000000000000001362900000000006390000000000000   210319078          00000000000000                                                                  000044
1020874591800017100000090345100240370REGTIT24411902071857     000000000000598300340000000000000000000000000906200319190207185700000000000059830034280219000000000850034107013  000000000000000000000000000000000000000000000000000000000000000000000000000000000000000893000000000004300000000000000   210319078          00000000000000                                                                  000045
1020874591800017100000090345100240370REGTIT24411902072123     000000000000598320020000000000000000000000000906200319190207212300000000000059832002280219000000000598023705750  000000000000000000000000000000000000000000000000000000000000000000000000000000000000000627900000000002990000000000000   210319066          00000000000000                                                                  000046
1020874591800017100000090345100240370REGTIT24411902072176     000000000000598323980000000000000000000000000906200319190207217600000000000059832398280219000000000799010403326  000000000000000000000000000000000000000000000000000000000000000000000000000000000000000838900000000003990000000000000   210319078          00000000000000                                                                  000047
1020874591800017100000090345100240370REGTIT24411902072177     000000000000598324010000000000000000000000000906200319190207217700000000000059832401280219000000000799010403326  000000000000000000000000000000000000000000000000000000000000000000000000000000000000000838900000000003990000000000000   210319078          00000000000000                                                                  000048
1020874591800017100000090345100240370REGTIT24411902072291     000000000000598332110000000000000000000000000906200319190207229100000000000059833211280219000000000998034108411  000000000000000000000000000000000000000000000000000000000000000000000000000000000000001047900000000004990000000000000   210319078          00000000000000                                                                  000049
1020874591800017100000090345100240370REGTIT24411902072391     000000000000598340210000000000000000000000000906200319190207239100000000000059834021280219000000000936823702832  000000000000000000000000000000000000000000000000000000000000000000000000000000000000000983500000000004670000000000000   210319035          00000000000000                                                                  000050
1020874591800017100000090345100240370REGTIT24411902072511     000000000000598349000000000000000000000000000906200319190207251100000000000059834900280219000000000998034105200  000000000000000000000000000000000000000000000000000000000000000000000000000000000000001047900000000004990000000000000   210319078          00000000000000                                                                  000051
1020874591800017100000090345100240370REGTIT24411902072782     000000000000598371950000000000000000000000000906200319190207278200000000000059837195280219000000000998010401632  000000000000000000000000000000000000000000000000000000000000000000000000000000000000001047900000000004990000000000000   210319078          00000000000000                                                                  000052
1020874591800017100000090345100240370REGTIT24411902072861     000000000000598379260000000000000000000000000906200319190207286100000000000059837926280219000000000799010401316  000000000000000000000000000000000000000000000000000000000000000000000000000000000000000838900000000003990000000000000   210319078          00000000000000                                                                  000053
1020874591800017100000090345100240370REGTIT26211903005613     000000000000598785840000000000000000000000000906200319190300561300000000000059878584290319000000002875134100616  000000000000000000000000000000000000000000000000000000000000000000000000000000000000002875100000000000000000000000000   210319078          00000000000000                                                                  000054
1020874591800017100000090345100240370REGTIT26211903026819     000000000000598804650000000000000000000000000906200319190302681900000000000059880465290319000000002991110403299  000000000000000000000000000000000000000000000000000000000000000000000000000000000000002991100000000000000000000000000   210319078          00000000000000                                                                  000055
1020874591800017100000090345100240370REGTIT26211903034978     000000000000598812160000000000000000000000000906200319190303497800000000000059881216290319000000002587503304287  000000000000000000000000000000000000000000000000000000000000000000000000000000000000002587500000000000000000000000000   210319078          00000000000000                                                                  000056
1020874591800017100000090345100240370REGTIT26211903041650     000000000000598818440000000000000000000000000906200319190304165000000000000059881844290319000000002902500101598  000000000000000000000000000000000000000000000000000000000000000000000000000000000000002902500000000000000000000000000   210319078          00000000000000                                                                  000057
1020874591800017100000090345100240370REGTIT26211903051134     000000000000598830220000000000000000000000000906200319190305113400000000000059883022290319000000001399034103701  000000000000000000000000000000000000000000000000000000000000000000000000000000000000001399000000000000000000000000000   210319078          00000000000000                                                                  000058
1020874591800017100000090345100240370REGTIT26211903058483     000000000000598844520000000000000000000000000906200319190305848300000000000059884452290319000000002417034100566  000000000000000000000000000000000000000000000000000000000000000000000000000000000000002417000000000000000000000000000   210319078          00000000000000                                                                  000059
1020874591800017100000090345100240370REGTIT26211903062501     000000000000598860210000000000000000000000000906200319190306250100000000000059886021290319000000001598010400998  000000000000000000000000000000000000000000000000000000000000000000000000000000000000001598000000000000000000000000000   210319078          00000000000000                                                                  000060
1020874591800017100000090345100240370REGTIT26211903062982     0000000000005988648P000000000000000000000000090620031919030629820000000000005988648P290319000000001289023701263  000000000000000000000000000000000000000000000000000000000000000000000000000000000000001289000000000000000000000000000   210319035          00000000000000                                                                  000061
1020874591800017100000090345100240370REGTIT26211903065389     000000000000598901500000000000000000000000000906200319190306538900000000000059890150290319000000001398423702271  000000000000000000000000000000000000000000000000000000000000000000000000000000000000001398400000000000000000000000000   210319035          00000000000000                                                                  000062
1020874591800017100000090345100240370REGTIT26211903065758     000000000000598913190000000000000000000000000906200319190306575800000000000059891319290319000000001159023701867  000000000000000000000000000000000000000000000000000000000000000000000000000000000000001159000000000000000000000000000   210319074          00000000000000                                                                  000063
1020874591800017100000090345100240370REGTIT26211903066858     0000000000005989542P000000000000000000000000090620031919030668580000000000005989542P290319000000001698010404744  000000000000000000000000000000000000000000000000000000000000000000000000000000000000001698000000000000000000000000000   210319078          00000000000000                                                                  000064
1020874591800017100000090345100240370REGTIT26211903067474     000000000000598980030000000000000000000000000906200319190306747400000000000059898003290319000000001598074807020  000000000000000000000000000000000000000000000000000000000000000000000000000000000000001598000000000000000000000000000   210319078          00000000000000                                                                  000065
1020874591800017100000090345100240370REGTIT26211903067761     000000000000598991150000000000000000000000000906200319190306776100000000000059899115290319000000001355165500001  000000000000000000000000000000000000000000000000000000000000000000000000000000000000001355100000000000000000000000000   210319078          00000000000000                                                                  000066
1020874591800017100000090345100240370REGTIT26211903067821     000000000000598993280000000000000000000000000906200319190306782100000000000059899328290319000000002292010401957  000000000000000000000000000000000000000000000000000000000000000000000000000000000000002292000000000000000000000000000   210319078          00000000000000                                                                  000067
1020874591800017100000090345100240370REGTIT26211903067973     000000000000598996380000000000000000000000000906200319190306797300000000000059899638290319000000001448075604368  000000000000000000000000000000000000000000000000000000000000000000000000000000000000001448000000000000000000000000000   210319078          00000000000000                                                                  000068
1020874591800017100000090345100240370REGTIT26211903068519     000000000000599013570000000000000000000000000906200319190306851900000000000059901357290319000000001074023705693  000000000000000000000000000000000000000000000000000000000000000000000000000000000000001074000000000000000000000000000   210319002          00000000000000                                                                  000069
1020874591800017100000090345100240370REGTIT26211903069471     0000000000005990416P000000000000000000000000090620031919030694710000000000005990416P290319000000001642034101568  000000000000000000000000000000000000000000000000000000000000000000000000000000000000001642000000000000000000000000000   210319078          00000000000000                                                                  000070
1020874591800017100000090345100240370REGTIT26211903070393     000000000000599074440000000000000000000000000906200319190307039300000000000059907444290319000000001348034103377  000000000000000000000000000000000000000000000000000000000000000000000000000000000000001348000000000000000000000000000   210319078          00000000000000                                                                  000071
1020874591800017100000090345100240370REGTIT26211903070578     000000000000599081570000000000000000000000000906200319190307057800000000000059908157290319000000000999003304297  000000000000000000000000000000000000000000000000000000000000000000000000000000000000000999000000000000000000000000000   210319078          00000000000000                                                                  000072
1020874591800017100000090345100240370REGTIT26211903071791     000000000000599146100000000000000000000000000906200319190307179100000000000059914610290319000000000699010403493  000000000000000000000000000000000000000000000000000000000000000000000000000000000000000699000000000000000000000000000   210319078          00000000000000                                                                  000073
1020874591800017100000090345100240370REGTIT26211903072085     000000000000599166640000000000000000000000000906200319190307208500000000000059916664290319000000000353810401633  000000000000000000000000000000000000000000000000000000000000000000000000000000000000000353800000000000000000000000000   210319078          00000000000000                                                                  000074
1020874591800017100000090345100240370REGTIT26211903072351     000000000000599184540000000000000000000000000906200319190307235100000000000059918454290319000000000998034107222  000000000000000000000000000000000000000000000000000000000000000000000000000000000000000998000000000000000000000000000   210319078          00000000000000                                                                  000075
1020874591800017100000090345100240370REGTIT26211903072782     000000000000599216090000000000000000000000000906200319190307278200000000000059921609290319000000000998010401632  000000000000000000000000000000000000000000000000000000000000000000000000000000000000000998000000000000000000000000000   210319078          00000000000000                                                                  000076
1020874591800017100000090345100240370REGTIT26211903072877     000000000000599223620000000000000000000000000906200319190307287700000000000059922362290319000000000998034103715  000000000000000000000000000000000000000000000000000000000000000000000000000000000000000998000000000000000000000000000   210319078          00000000000000                                                                  000077
1020874591800017100000090345100240370REGTIT26211903073270     000000000000599259140000000000000000000000000906200319190307327000000000000059925914290319000000000998010403510  000000000000000000000000000000000000000000000000000000000000000000000000000000000000000998000000000000000000000000000   210319078          00000000000000                                                                  000078
1020874591800017100000090345100240370REGTIT26211903073348     000000000000599266270000000000000000000000000906200319190307334800000000000059926627290319000000000599034103822  000000000000000000000000000000000000000000000000000000000000000000000000000000000000000599000000000000000000000000000   210319078          00000000000000                                                                  000079
1020874591800017100000090345100240370REGTIT26211903073404     0000000000005992716P000000000000000000000000090620031919030734040000000000005992716P290319000000000699010400377  000000000000000000000000000000000000000000000000000000000000000000000000000000000000000699000000000000000000000000000   210319078          00000000000000                                                                  000080
1020874591800017100000090345100240370REGTIT2147997182162722   000000009000596740680000000000000000000000000906200319997182162700000000900059674068200319000000001366510403387  000000000000000000000000000000000000000000000000000000000000000000000000000000000000001366500000000000000000000000000   210319078          00000000000000                                                                  000081
1020874591800017100000090345100240370REGTIT2475997194131459   000000009000598481390000000000000000000000000906200319997194131400000000900059848139180319000000001996003301548  000000000000000000000000000000000000000000000000000000000000000000000000000000000000002041900000000004590000000000000   210319078          00000000000000                                                                  000082
1020874591800017100000090345100240370REGTIT2623997010972971   000000009000599280430000000000000000000000000906200319997010972900000000900059928043250319000000003147034103702  000000000000000000000000000000000000000000000000000000000000000000000000000000000000003147000000000000000000000000000   210319078          00000000000000                                                                  000083
1020874591800017100000090345100240370REGTIT2630997254158614   0000000090005993132P000000000000000000000000090620031999725415860000000090005993132P180319000000002227874800725  000000000000000000000000000000000000000000000000000000000000000000000000000000000000002278900000000005110000000000000   210319078          00000000000000                                                                  000084
1020874591800017100000090345100240370REGTIT2632996953774798   000000009000599331280000000000000000000000000906200319996953774700000000900059933128210319000000009888503304646  000000000000000000000000000000000000000000000000000000000000000000000000000000000000009888500000000000000000000000000   210319078          00000000000000                                                                  000085
1020874591800017100000090345100240370REGTIT2637997043131766   000000009000599384210000000000000000000000000906200319997043131700000000900059938421200319000000005392010403414  000000000000000000000000000000000000000000000000000000000000000000000000000000000000005392000000000000000000000000000   210319078          00000000000000                                                                  000086
1020874591800017100000090345100240370REGTIT2637997217030434   000000009000599384480000000000000000000000000906200319997217030400000000900059938448200319000000003992010402204  000000000000000000000000000000000000000000000000000000000000000000000000000000000000003992000000000000000000000000000   210319078          00000000000000                                                                  000087
1020874591800017100000090345100240370REGTIT2637997241292774   000000009000599385450000000000000000000000000906200319997241292700000000900059938545200319000000004147010400406  000000000000000000000000000000000000000000000000000000000000000000000000000000000000004147000000000000000000000000000   210319078          00000000000000                                                                  000088
1020874591800017100000090345100240370REGTIT2638996932133538   000000009000599388200000000000000000000000000906200319996932133500000000900059938820280319000000003447010400371  000000000000000000000000000000000000000000000000000000000000000000000000000000000000003447000000000000000000000000000   210319078          00000000000000                                                                  000089
1020874591800017100000090345100240370REGTIT263999872067545    000000009000599391420000000000000000000000000906200319998720675400000000900059939142200319000000003691010401551  000000000000000000000000000000000000000000000000000000000000000000000000000000000000003691000000000000000000000000000   210319078          00000000000000                                                                  000090
1020874591800017100000090345100240370REGTIT18811811067032     000000000000595354900000000000000000000000000909200319181106703200000000000059535490301118000000001698023704150  000000000000000000000000000000000000000000000000000000000000000000000000000000000000000000000000000000000000000000000                          0000000000                                                                  000091
1020874591800017100000090345100240370REGTIT20751812067032     000000000000596268790000000000000000000000000909200319181206703200000000000059626879281218000000003097023704150  000000000000000000000000000000000000000000000000000000000000000000000000000000000000000000000000000000000000000000000                          0000000000                                                                  000092
1020874591800017100000090345100240370REGTIT22981901067032     000000000000597223710000000000000000000000000909200319190106703200000000000059722371300119000000001278323704150  000000000000000000000000000000000000000000000000000000000000000000000000000000000000000000000000000000000000000000000                          0000000000                                                                  000093
1020874591800017100000090345100240370REGTIT24411902067032     000000000000598103940000000000000000000000000909200319190206703200000000000059810394280219000000001278323704150  000000000000000000000000000000000000000000000000000000000000000000000000000000000000000000000000000000000000000000000                          0000000000                                                                  000094
1020874591800017100000090345100240370REGTIT26211903067032     000000000000598961670000000000000000000000000909200319190306703200000000000059896167290319000000001278323704150  000000000000000000000000000000000000000000000000000000000000000000000000000000000000000000000000000000000000000000000                          0000000000                                                                  000095
1020874591800017100000090345100240370REGTIT26211903070542     000000000000599079830000000000000000000000000909200319190307054200000000000059907983290319000000001348023704150  000000000000000000000000000000000000000000000000000000000000000000000000000000000000000000000000000000000000000000000                          0000000000                                                                  000096
1020874591800017100000090345100240370REGTIT26211903070665     000000000000599085560000000000000000000000000909200319190307066500000000000059908556290319000000001149023704150  000000000000000000000000000000000000000000000000000000000000000000000000000000000000000000000000000000000000000000000                          0000000000                                                                  000097
1020874591800017100000090345100240370REGTIT16601810067522     000000000000594359410000000000000000000000000910200319181006752200000000000059435941191118000000001249023700000  000000000000000000000000000000000000000000000000000000000000000000000000000000000000000000000000000000000000000000000                          1600000000                                                                  000098
1020874591800017100000090345100240370REGTIT16601810072116     000000000000594603260000000000000000000000000910200319181007211600000000000059460326191118000000001238023700000  000000000000000000000000000000000000000000000000000000000000000000000000000000000000000000000000000000000000000000000                          1600000000                                                                  000099
1020874591800017100000090345100240370REGTIT1855997103884481   000000009000595109600000000000000000000000000910200319997103884400000000900059510960191118000000001428223700000  000000000000000000000000000000000000000000000000000000000000000000000000000000000000000000000000000000000000000000000                          1600000000                                                                  000100
1020874591800017100000090345100240370REGTIT1879997211633407   000000009000595151210000000000000000000000000910200319997211633400000000900059515121191118000000002397023700000  000000000000000000000000000000000000000000000000000000000000000000000000000000000000000000000000000000000000000000000                          1600000000                                                                  000101
1020874591800017100000090345100240370REGTIT187999716259147    0000000090005951513P000000000000000000000000091020031999716259140000000090005951513P191118000000001803023700000  000000000000000000000000000000000000000000000000000000000000000000000000000000000000000000000000000000000000000000000                          1600000000                                                                  000102
9201237          000068050000009824954400000569          00015000000284841000001236626000720000012147840001200000019242100000000000000000000000000000000000000000000000000000000000000000000                                                                                                                                                                              00000000000000000000000         000103
