02RETORNO01COBRANCA       00000000000004972103WC SISTEMAS E EQUIPAMENTOS DE 237BRADESCO       1903190160000000568                                                                                                                                                                                                                                                                          200319         000001
1020874591800017100000090345100240370REGTIT2637997216471582   0000000090005993826P000000000000000000000000090219031999721647150000000090005993826P280319000000002994023704144  000000000014300000000000000000000000000000000000000000000000000000000000000000000000000000000000000000000000000000000                          0000000000                                                                  000002
1020874591800017100000090345100240370REGTIT2637996872499866   000000009000599382780000000000000000000000000902190319996872499800000000900059938278220319000000005792023704144  000000000014300000000000000000000000000000000000000000000000000000000000000000000000000000000000000000000000000000000                          0000000000                                                                  000003
1020874591800017100000090345100240370REGTIT263799836912804    000000009000599382860000000000000000000000000902190319998369128000000000900059938286250319000000001850623704144  000000000014300000000000000000000000000000000000000000000000000000000000000000000000000000000000000000000000000000000                          0000000000                                                                  000004
1020874591800017100000090345100240370REGTIT263799836950696    000000009000599382940000000000000000000000000902190319998369506900000000900059938294250419000000001850623704144  000000000014300000000000000000000000000000000000000000000000000000000000000000000000000000000000000000000000000000000                          0000000000                                                                  000005
1020874591800017100000090345100240370REGTIT263799836921388    000000009000599383080000000000000000000000000902190319998369213800000000900059938308250519000000001850623704144  000000000014300000000000000000000000000000000000000000000000000000000000000000000000000000000000000000000000000000000                          0000000000                                                                  000006
1020874591800017100000090345100240370REGTIT2637997238969618   000000009000599383160000000000000000000000000902190319997238969600000000900059938316210319000000001498323704144  000000000014300000000000000000000000000000000000000000000000000000000000000000000000000000000000000000000000000000000                          0000000000                                                                  000007
1020874591800017100000090345100240370REGTIT2637997238989831   000000009000599383240000000000000000000000000902190319997238989800000000900059938324210419000000001498323704144  000000000014300000000000000000000000000000000000000000000000000000000000000000000000000000000000000000000000000000000                          0000000000                                                                  000008
1020874591800017100000090345100240370REGTIT2637997238961590   000000009000599383320000000000000000000000000902190319997238961500000000900059938332210519000000001498323704144  000000000014300000000000000000000000000000000000000000000000000000000000000000000000000000000000000000000000000000000                          0000000000                                                                  000009
1020874591800017100000090345100240370REGTIT2637996701812640   000000009000599383400000000000000000000000000902190319996701812600000000900059938340280319000000003870023704144  000000000014300000000000000000000000000000000000000000000000000000000000000000000000000000000000000000000000000000000                          0000000000                                                                  000010
1020874591800017100000090345100240370REGTIT2637997193359918   000000009000599383910000000000000000000000000902190319997193359900000000900059938391200319000000001330623704144  000000000014300000000000000000000000000000000000000000000000000000000000000000000000000000000000000000000000000000000                          0000000000                                                                  000011
1020874591800017100000090345100240370REGTIT2637997193352674   000000009000599384050000000000000000000000000902190319997193352600000000900059938405190419000000001330623704144  000000000014300000000000000000000000000000000000000000000000000000000000000000000000000000000000000000000000000000000                          0000000000                                                                  000012
1020874591800017100000090345100240370REGTIT2637997193382162   000000009000599384130000000000000000000000000902190319997193382100000000900059938413190519000000001330623704144  000000000014300000000000000000000000000000000000000000000000000000000000000000000000000000000000000000000000000000000                          0000000000                                                                  000013
1020874591800017100000090345100240370REGTIT2637997043131766   000000009000599384210000000000000000000000000902190319997043131700000000900059938421200319000000005392023704144  000000000014300000000000000000000000000000000000000000000000000000000000000000000000000000000000000000000000000000000                          0000000000                                                                  000014
1020874591800017100000090345100240370REGTIT2637997217030434   000000009000599384480000000000000000000000000902190319997217030400000000900059938448200319000000003992023704144  000000000014300000000000000000000000000000000000000000000000000000000000000000000000000000000000000000000000000000000                          7600000000                                                                  000015
1020874591800017100000090345100240370REGTIT2637996605926114   000000009000599384560000000000000000000000000902190319996605926100000000900059938456200319000000002330623704144  000000000014300000000000000000000000000000000000000000000000000000000000000000000000000000000000000000000000000000000                          0000000000                                                                  000016
1020874591800017100000090345100240370REGTIT2637996605957568   000000009000599384640000000000000000000000000902190319996605957500000000900059938464180419000000002330623704144  000000000014300000000000000000000000000000000000000000000000000000000000000000000000000000000000000000000000000000000                          0000000000                                                                  000017
1020874591800017100000090345100240370REGTIT2637996605965564   000000009000599384720000000000000000000000000902190319996605965500000000900059938472180519000000002330623704144  000000000014300000000000000000000000000000000000000000000000000000000000000000000000000000000000000000000000000000000                          0000000000                                                                  000018
1020874591800017100000090345100240370REGTIT2637997011025550   000000009000599384800000000000000000000000000902190319997011025500000000900059938480200319000000001726523703451  000000000014300000000000000000000000000000000000000000000000000000000000000000000000000000000000000000000000000000000                          0000000000                                                                  000019
1020874591800017100000090345100240370REGTIT2637997011030760   000000009000599384990000000000000000000000000902190319997011030700000000900059938499180419000000001726523703451  000000000014300000000000000000000000000000000000000000000000000000000000000000000000000000000000000000000000000000000                          0000000000                                                                  000020
1020874591800017100000090345100240370REGTIT2637997011093782   000000009000599385020000000000000000000000000902190319997011093700000000900059938502180519000000001726523703451  000000000014300000000000000000000000000000000000000000000000000000000000000000000000000000000000000000000000000000000                          0000000000                                                                  000021
1020874591800017100000090345100240370REGTIT2637997056416084   000000009000599385100000000000000000000000000902190319997056416000000000900059938510200319000000003691023704152  000000000014300000000000000000000000000000000000000000000000000000000000000000000000000000000000000000000000000000000                          0000000000                                                                  000022
1020874591800017100000090345100240370REGTIT263799872078118    000000009000599385290000000000000000000000000902190319998720781100000000900059938529200419000000003691023704436  000000000014300000000000000000000000000000000000000000000000000000000000000000000000000000000000000000000000000000000                          0000000000                                                                  000023
1020874591800017100000090345100240370REGTIT2637996520982505   000000009000599385370000000000000000000000000902190319996520982500000000900059938537200319000000004134023702397  000000000014300000000000000000000000000000000000000000000000000000000000000000000000000000000000000000000000000000000                          0000000000                                                                  000024
1020874591800017100000090345100240370REGTIT2637997241292774   000000009000599385450000000000000000000000000902190319997241292700000000900059938545200319000000004147023704144  000000000014300000000000000000000000000000000000000000000000000000000000000000000000000000000000000000000000000000000                          0000000000                                                                  000025
1020874591800017100000090345100240370REGTIT2637997283938901   000000009000599385530000000000000000000000000902190319997283938900000000900059938553200319000000002040023704157  000000000014300000000000000000000000000000000000000000000000000000000000000000000000000000000000000000000000000000000                          0000000000                                                                  000026
1020874591800017100000090345100240370REGTIT2638997069087423   000000009000599387580000000000000000000000000902190319997069087400000000900059938758280319000000002397023704144  000000000014300000000000000000000000000000000000000000000000000000000000000000000000000000000000000000000000000000000                          0000000000                                                                  000027
1020874591800017100000090345100240370REGTIT2638997185776055   000000009000599387820000000000000000000000000902190319997185776000000000900059938782280319000000001953023704144  000000000014300000000000000000000000000000000000000000000000000000000000000000000000000000000000000000000000000000000                          0000000000                                                                  000028
1020874591800017100000090345100240370REGTIT2638997272611433   000000009000599387900000000000000000000000000902190319997272611400000000900059938790280319000000002397023704144  000000000014300000000000000000000000000000000000000000000000000000000000000000000000000000000000000000000000000000000                          0000000000                                                                  000029
1020874591800017100000090345100240370REGTIT2638997272592603   000000009000599388040000000000000000000000000902190319997272592600000000900059938804280319000000002397023704144  000000000014300000000000000000000000000000000000000000000000000000000000000000000000000000000000000000000000000000000                          0000000000                                                                  000030
1020874591800017100000090345100240370REGTIT2638997195711738   000000009000599388120000000000000000000000000902190319997195711700000000900059938812280319000000001800023704157  000000000014300000000000000000000000000000000000000000000000000000000000000000000000000000000000000000000000000000000                          0000000000                                                                  000031
1020874591800017100000090345100240370REGTIT2638996932133538   000000009000599388200000000000000000000000000902190319996932133500000000900059938820280319000000003447023704144  000000000014300000000000000000000000000000000000000000000000000000000000000000000000000000000000000000000000000000000                          0000000000                                                                  000032
1020874591800017100000090345100240370REGTIT263899688697118    000000009000599388390000000000000000000000000902190319996886971100000000900059938839290319000000003447023704144  000000000014300000000000000000000000000000000000000000000000000000000000000000000000000000000000000000000000000000000                          0000000000                                                                  000033
1020874591800017100000090345100240370REGTIT2638997308610207   000000009000599388470000000000000000000000000902190319997308610200000000900059938847290319000000002397023704144  000000000014300000000000000000000000000000000000000000000000000000000000000000000000000000000000000000000000000000000                          0000000000                                                                  000034
1020874591800017100000090345100240370REGTIT2638997125012831   000000009000599388550000000000000000000000000902190319997125012800000000900059938855290319000000001800023704144  000000000014300000000000000000000000000000000000000000000000000000000000000000000000000000000000000000000000000000000                          7600000000                                                                  000035
1020874591800017100000090345100240370REGTIT2638997258571223   000000009000599388630000000000000000000000000902190319997258571200000000900059938863280319000000002397023704144  000000000014300000000000000000000000000000000000000000000000000000000000000000000000000000000000000000000000000000000                          0000000000                                                                  000036
1020874591800017100000090345100240370REGTIT2638997124072151   000000009000599388710000000000000000000000000902190319997124072100000000900059938871290319000000002397023704157  000000000014300000000000000000000000000000000000000000000000000000000000000000000000000000000000000000000000000000000                          0000000000                                                                  000037
1020874591800017100000090345100240370REGTIT2638995322036745   000000009000599390370000000000000000000000000902190319995322036700000000900059939037200319000000007156023703451  000000000014300000000000000000000000000000000000000000000000000000000000000000000000000000000000000000000000000000000                          7600000000                                                                  000038
1020874591800017100000090345100240370REGTIT263999872067545    000000009000599391420000000000000000000000000902190319998720675400000000900059939142200319000000003691023704436  000000000014300000000000000000000000000000000000000000000000000000000000000000000000000000000000000000000000000000000                          0000000000                                                                  000039
1020874591800017100000090345100240370REGTIT26361903000073     000000000000598781420000000000000000000000000903190319190300007300000000000059878142290319000000000049523704144  000000000000000000000000000000000000000000000000000000000000000000000000000000000000000000000000000000000000000000000                          4600000000                                                                  000040
1020874591800017100000090345100240370REGTIT26361903000764     000000000000598782150000000000000000000000000903190319190300076400000000000059878215290319000000046820623704144  000000000000000000000000000000000000000000000000000000000000000000000000000000000000000000000000000000000000000000000                          4600000000                                                                  000041
1020874591800017100000090345100240370REGTIT20751812072288     000000000000596520120000000000000000000000000906190319181207228800000000000059652012281218000000002147010403510  000000000000000000000000000000000000000000000000000000000000000000000000000039000000002143100000000000000000000000000   200319078          00000000000000                                                                  000042
1020874591800017100000090345100240370REGTIT22981901000243     000000000000597032610000000000000000000000000906190319190100024300000000000059703261300119000000003345203300807  000000000000000000000000000000000000000000000000000000000000000000000000000000000000003652100000000030690000000000000   200319078          00000000000000                                                                  000043
1020874591800017100000090345100240370REGTIT22981901069988     000000000000597326440000000000000000000000000906190319190106998800000000000059732644300119000000001248034103812  000000000000000000000000000000000000000000000000000000000000000000000000000000000000001364100000000011610000000000000   200319078          00000000000000                                                                  000044
1020874591800017100000090345100240370REGTIT24411902040798     000000000000597954330000000000000000000000000906190319190204079800000000000059795433280219000000000998034106868  000000000000000000000000000000000000000000000000000000000000000000000000000000000000001046400000000004840000000000000   200319078          00000000000000                                                                  000045
1020874591800017100000090345100240370REGTIT24411902061754     000000000000597994200000000000000000000000000906190319190206175400000000000059799420280219000000001748034105650  000000000000000000000000000000000000000000000000000000000000000000000000000000000000001832300000000008430000000000000   200319078          00000000000000                                                                  000046
1020874591800017100000090345100240370REGTIT24411902061765     000000000000597994390000000000000000000000000906190319190206176500000000000059799439280219000000001748034100879  000000000000000000000000000000000000000000000000000000000000000000000000000000000000001832300000000008430000000000000   200319078          00000000000000                                                                  000047
1020874591800017100000090345100240370REGTIT24411902064591     000000000000598023750000000000000000000000000906190319190206459100000000000059802375280219000000001479010400376  000000000000000000000000000000000000000000000000000000000000000000000000000000000000001550300000000007130000000000000   200319078          00000000000000                                                                  000048
1020874591800017100000090345100240370REGTIT24411902065046     000000000000598031930000000000000000000000000906190319190206504600000000000059803193280219000000001898034103715  000000000000000000000000000000000000000000000000000000000000000000000000000000000000001989100000000009110000000000000   200319078          00000000000000                                                                  000049
1020874591800017100000090345100240370REGTIT24411902065581     000000000000598047420000000000000000000000000906190319190206558100000000000059804742280219000000001129010403915  000000000000000000000000000000000000000000000000000000000000000000000000000000000000001183800000000005480000000000000   200319078          00000000000000                                                                  000050
1020874591800017100000090345100240370REGTIT24411902066240     000000000000598070910000000000000000000000000906190319190206624000000000000059807091280219000000001748034107768  000000000000000000000000000000000000000000000000000000000000000000000000000000000000001832300000000008430000000000000   200319078          00000000000000                                                                  000051
1020874591800017100000090345100240370REGTIT24411902066964     000000000000598100840000000000000000000000000906190319190206696400000000000059810084280219000000001499003301258  000000000000000000000000000000000000000000000000000000000000000000000000000000000000001570700000000007170000000000000   200319078          00000000000000                                                                  000052
1020874591800017100000090345100240370REGTIT24411902067393     000000000000598119430000000000000000000000000906190319190206739300000000000059811943280219000000001399023701304  000000000000000000000000000000000000000000000000000000000000000000000000000000000000001466800000000006780000000000000   200319074          00000000000000                                                                  000053
1020874591800017100000090345100240370REGTIT24411902068037     000000000000598141440000000000000000000000000906190319190206803700000000000059814144280219000000001598010403556  000000000000000000000000000000000000000000000000000000000000000000000000000000000000001675500000000007750000000000000   200319078          00000000000000                                                                  000054
1020874591800017100000090345100240370REGTIT24411902068067     000000000000598142250000000000000000000000000906190319190206806700000000000059814225280219000000001099023703113  000000000000000000000000000000000000000000000000000000000000000000000000000000000000001151300000000005230000000000000   200319066          00000000000000                                                                  000055
1020874591800017100000090345100240370REGTIT24411902068223     000000000000598147210000000000000000000000000906190319190206822300000000000059814721280219000000001219003300975  000000000000000000000000000000000000000000000000000000000000000000000000000000000000001277500000000005850000000000000   200319078          00000000000000                                                                  000056
1020874591800017100000090345100240370REGTIT24411902068300     000000000000598150000000000000000000000000000906190319190206830000000000000059815000280219000000001149023702994  000000000000000000000000000000000000000000000000000000000000000000000000000000000000001204200000000005520000000000000   200319035          00000000000000                                                                  000057
1020874591800017100000090345100240370REGTIT24411902068577     0000000000005981585P000000000000000000000000090619031919020685770000000000005981585P280219000000001161503301552  000000000000000000000000000000000000000000000000000000000000000000000000000000000000001217000000000005550000000000000   200319078          00000000000000                                                                  000058
1020874591800017100000090345100240370REGTIT24411902068671     000000000000598161630000000000000000000000000906190319190206867100000000000059816163280219000000001448003303708  000000000000000000000000000000000000000000000000000000000000000000000000000000000000001518700000000007070000000000000   200319078          00000000000000                                                                  000059
1020874591800017100000090345100240370REGTIT24411902068864     000000000000598167830000000000000000000000000906190319190206886400000000000059816783280219000000001448000103263  000000000000000000000000000000000000000000000000000000000000000000000000000000000000001518700000000007070000000000000   200319078          00000000000000                                                                  000060
1020874591800017100000090345100240370REGTIT24411902069102     0000000000005981747P000000000000000000000000090619031919020691020000000000005981747P280219000000001128034106868  000000000000000000000000000000000000000000000000000000000000000000000000000000000000001182800000000005480000000000000   200319078          00000000000000                                                                  000061
1020874591800017100000090345100240370REGTIT24411902069169     000000000000598176820000000000000000000000000906190319190206916900000000000059817682280219000000001448003301103  000000000000000000000000000000000000000000000000000000000000000000000000000000000000001518700000000007070000000000000   200319078          00000000000000                                                                  000062
1020874591800017100000090345100240370REGTIT24411902069266     000000000000598179250000000000000000000000000906190319190206926600000000000059817925280219000000001448074800752  000000000000000000000000000000000000000000000000000000000000000000000000000000000000001518700000000007070000000000000   200319078          00000000000000                                                                  000063
1020874591800017100000090345100240370REGTIT24411902069358     000000000000598182120000000000000000000000000906190319190206935800000000000059818212280219000000000998023703286  000000000000000000000000000000000000000000000000000000000000000000000000000000000000001046400000000004840000000000000   200319035          00000000000000                                                                  000064
1020874591800017100000090345100240370REGTIT24411902069728     000000000000598194640000000000000000000000000906190319190206972800000000000059819464280219000000001348000100299  000000000000000000000000000000000000000000000000000000000000000000000000000000000000001412900000000006490000000000000   200319078          00000000000000                                                                  000065
1020874591800017100000090345100240370REGTIT24411902069898     000000000000598200710000000000000000000000000906190319190206989800000000000059820071280219000000001149034101568  000000000000000000000000000000000000000000000000000000000000000000000000000000000000001204200000000005520000000000000   200319078          00000000000000                                                                  000066
1020874591800017100000090345100240370REGTIT24411902069931     000000000000598201950000000000000000000000000906190319190206993100000000000059820195280219000000001098075604368  000000000000000000000000000000000000000000000000000000000000000000000000000000000000001150300000000005230000000000000   200319078          00000000000000                                                                  000067
1020874591800017100000090345100240370REGTIT24411902070087     000000000000598208020000000000000000000000000906190319190207008700000000000059820802280219000000001149003302102  000000000000000000000000000000000000000000000000000000000000000000000000000000000000001205900000000005690000000000000   200319078          00000000000000                                                                  000068
1020874591800017100000090345100240370REGTIT24411902070890     000000000000598241580000000000000000000000000906190319190207089000000000000059824158280219000000000749003304441  000000000000000000000000000000000000000000000000000000000000000000000000000000000000000784800000000003580000000000000   200319078          00000000000000                                                                  000069
1020874591800017100000090345100240370REGTIT24411902071068     0000000000005982509P000000000000000000000000090619031919020710680000000000005982509P280219000000001348034100616  000000000000000000000000000000000000000000000000000000000000000000000000000000000000001412900000000006490000000000000   200319078          00000000000000                                                                  000070
1020874591800017100000090345100240370REGTIT24411902071086     000000000000598251970000000000000000000000000906190319190207108600000000000059825197280219000000000998010400959  000000000000000000000000000000000000000000000000000000000000000000000000000000000000001046400000000004840000000000000   200319078          00000000000000                                                                  000071
1020874591800017100000090345100240370REGTIT24411902071365     000000000000598268940000000000000000000000000906190319190207136500000000000059826894280219000000000808063300001  000000000000000000000000000000000000000000000000000000000000000000000000000000000000000846900000000003890000000000000   200319078          00000000000000                                                                  000072
1020874591800017100000090345100240370REGTIT24411902071462     000000000000598274670000000000000000000000000906190319190207146200000000000059827467280219000000000998034108783  000000000000000000000000000000000000000000000000000000000000000000000000000000000000001046400000000004840000000000000   200319078          00000000000000                                                                  000073
1020874591800017100000090345100240370REGTIT24411902071547     000000000000598280480000000000000000000000000906190319190207154700000000000059828048280219000000000998034100879  000000000000000000000000000000000000000000000000000000000000000000000000000000000000001046400000000004840000000000000   200319078          00000000000000                                                                  000074
1020874591800017100000090345100240370REGTIT24411902071645     000000000000598286410000000000000000000000000906190319190207164500000000000059828641280219000000000799003300993  000000000000000000000000000000000000000000000000000000000000000000000000000000000000000837700000000003870000000000000   200319078          00000000000000                                                                  000075
1020874591800017100000090345100240370REGTIT24411902071753     000000000000598293700000000000000000000000000906190319190207175300000000000059829370280219000000001322010404701  000000000000000000000000000000000000000000000000000000000000000000000000000000000000001386400000000006440000000000000   200319078          00000000000000                                                                  000076
1020874591800017100000090345100240370REGTIT24411902071894     000000000000598303360000000000000000000000000906190319190207189400000000000059830336280219000000000998023706346  000000000000000000000000000000000000000000000000000000000000000000000000000000000000001046400000000004840000000000000   200319035          00000000000000                                                                  000077
1020874591800017100000090345100240370REGTIT24411902072127     000000000000598320370000000000000000000000000906190319190207212700000000000059832037280219000000000998003300813  000000000000000000000000000000000000000000000000000000000000000000000000000000000000001046400000000004840000000000000   200319078          00000000000000                                                                  000078
1020874591800017100000090345100240370REGTIT24411902072155     000000000000598322230000000000000000000000000906190319190207215500000000000059832223280219000000000998010403387  000000000000000000000000000000000000000000000000000000000000000000000000000000000000001046400000000004840000000000000   200319078          00000000000000                                                                  000079
1020874591800017100000090345100240370REGTIT24411902072220     000000000000598327380000000000000000000000000906190319190207222000000000000059832738280219000000001299010403866  000000000000000000000000000000000000000000000000000000000000000000000000000000000000001361000000000006200000000000000   200319078          00000000000000                                                                  000080
1020874591800017100000090345100240370REGTIT24411902072265     000000000000598330090000000000000000000000000906190319190207226500000000000059833009280219000000000998034103730  000000000000000000000000000000000000000000000000000000000000000000000000000000000000001046400000000004840000000000000   200319078          00000000000000                                                                  000081
1020874591800017100000090345100240370REGTIT24411902072335     000000000000598335720000000000000000000000000906190319190207233500000000000059833572280219000000000998023701711  000000000000000000000000000000000000000000000000000000000000000000000000000000000000001046400000000004840000000000000   200319066          00000000000000                                                                  000082
1020874591800017100000090345100240370REGTIT24411902072403     000000000000598341100000000000000000000000000906190319190207240300000000000059834110280219000000000998010401108  000000000000000000000000000000000000000000000000000000000000000000000000000000000000001046400000000004840000000000000   200319078          00000000000000                                                                  000083
1020874591800017100000090345100240370REGTIT24411902072545     000000000000598351840000000000000000000000000906190319190207254500000000000059835184280219000000000898023703287  000000000000000000000000000000000000000000000000000000000000000000000000000000000000000940600000000004260000000000000   200319002          00000000000000                                                                  000084
1020874591800017100000090345100240370REGTIT24411902072802     000000000000598373650000000000000000000000000906190319190207280200000000000059837365280219000000000998023702006  000000000000000000000000000000000000000000000000000000000000000000000000000000000000001046400000000004840000000000000   200319035          00000000000000                                                                  000085
1020874591800017100000090345100240370REGTIT24411902072915     000000000000598384260000000000000000000000000906190319190207291500000000000059838426280219000000000998023705720  000000000000000000000000000000000000000000000000000000000000000000000000000000000000001046400000000004840000000000000   200319035          00000000000000                                                                  000086
1020874591800017100000090345100240370REGTIT24411902073158     000000000000598407060000000000000000000000000906190319190207315800000000000059840706280219000000000998034100910  000000000000000000000000000000000000000000000000000000000000000000000000001546000000000843400000000000000000000000000   200319078          00000000000000                                                                  000087
1020874591800017100000090345100240370REGTIT24411902073179     000000000000598408890000000000000000000000000906190319190207317900000000000059840889280219000000001472023705693  000000000000000000000000000000000000000000000000000000000000000000000000000000000000001543200000000007120000000000000   200319074          00000000000000                                                                  000088
1020874591800017100000090345100240370REGTIT26211903013383     000000000000598793510000000000000000000000000906190319190301338300000000000059879351290319000000001887000100170  000000000000000000000000000000000000000000000000000000000000000000000000000000000000001887000000000000000000000000000   200319078          00000000000000                                                                  000089
1020874591800017100000090345100240370REGTIT26211903015700     000000000000598794910000000000000000000000000906190319190301570000000000000059879491290319000000003131600100201  000000000000000000000000000000000000000000000000000000000000000000000000000000000000003131600000000000000000000000000   200319078          00000000000000                                                                  000090
1020874591800017100000090345100240370REGTIT26211903019818     000000000000598798230000000000000000000000000906190319190301981800000000000059879823290319000000002522010400369  000000000000000000000000000000000000000000000000000000000000000000000000000000000000002522000000000000000000000000000   200319078          00000000000000                                                                  000091
1020874591800017100000090345100240370REGTIT26211903040722     000000000000598817120000000000000000000000000906190319190304072200000000000059881712290319000000003632974801449  000000000000000000000000000000000000000000000000000000000000000000000000000000000000003632900000000000000000000000000   200319078          00000000000000                                                                  000092
1020874591800017100000090345100240370REGTIT26211903045667     0000000000005988231P000000000000000000000000090619031919030456670000000000005988231P290319000000003335004100670  000000000000000000000000000000000000000000000000000000000000000000000000000000000000003335000000000000000000000000000   200319078          00000000000000                                                                  000093
1020874591800017100000090345100240370REGTIT26211903061605     000000000000598854750000000000000000000000000906190319190306160500000000000059885475290319000000001214010404395  000000000000000000000000000000000000000000000000000000000000000000000000000000000000001214000000000000000000000000000   200319078          00000000000000                                                                  000094
1020874591800017100000090345100240370REGTIT26211903065166     000000000000598894970000000000000000000000000906190319190306516600000000000059889497290319000000001214010404395  000000000000000000000000000000000000000000000000000000000000000000000000000000000000001214000000000000000000000000000   200319078          00000000000000                                                                  000095
1020874591800017100000090345100240370REGTIT26211903065696     000000000000598909750000000000000000000000000906190319190306569600000000000059890975290319000000001748010401197  000000000000000000000000000000000000000000000000000000000000000000000000000000000000001748000000000000000000000000000   200319078          00000000000000                                                                  000096
1020874591800017100000090345100240370REGTIT26211903066653     000000000000598946870000000000000000000000000906190319190306665300000000000059894687290319000000001278300104297  000000000000000000000000000000000000000000000000000000000000000000000000000000000000001278300000000000000000000000000   200319078          00000000000000                                                                  000097
1020874591800017100000090345100240370REGTIT26211903066883     000000000000598954890000000000000000000000000906190319190306688300000000000059895489290319000000001099034100274  000000000000000000000000000000000000000000000000000000000000000000000000000000000000001099000000000000000000000000000   200319078          00000000000000                                                                  000098
1020874591800017100000090345100240370REGTIT26211903067711     000000000000598989250000000000000000000000000906190319190306771100000000000059898925290319000000001283310401971  000000000000000000000000000000000000000000000000000000000000000000000000000000000000001283300000000000000000000000000   200319078          00000000000000                                                                  000099
1020874591800017100000090345100240370REGTIT26211903067830     000000000000598993440000000000000000000000000906190319190306783000000000000059899344290319000000001598003301649  000000000000000000000000000000000000000000000000000000000000000000000000000000000000001598000000000000000000000000000   200319078          00000000000000                                                                  000100
1020874591800017100000090345100240370REGTIT26211903068357     0000000000005990089P000000000000000000000000090619031919030683570000000000005990089P290319000000001448034107454  000000000000000000000000000000000000000000000000000000000000000000000000000000000000001448000000000000000000000000000   200319078          00000000000000                                                                  000101
1020874591800017100000090345100240370REGTIT26211903069813     000000000000599053790000000000000000000000000906190319190306981300000000000059905379290319000000001348034108488  000000000000000000000000000000000000000000000000000000000000000000000000000000000000001348000000000000000000000000000   200319078          00000000000000                                                                  000102
1020874591800017100000090345100240370REGTIT26211903070355     000000000000599072660000000000000000000000000906190319190307035500000000000059907266290319000000000850010400370  000000000000000000000000000000000000000000000000000000000000000000000000000000000000000850000000000000000000000000000   200319078          00000000000000                                                                  000103
1020874591800017100000090345100240370REGTIT26211903070828     000000000000599092500000000000000000000000000906190319190307082800000000000059909250290319000000001249010404701  000000000000000000000000000000000000000000000000000000000000000000000000000000000000001249000000000000000000000000000   200319078          00000000000000                                                                  000104
1020874591800017100000090345100240370REGTIT26211903070839     000000000000599092930000000000000000000000000906190319190307083900000000000059909293290319000000001149074807222  000000000000000000000000000000000000000000000000000000000000000000000000000000000000001149000000000000000000000000000   200319078          00000000000000                                                                  000105
1020874591800017100000090345100240370REGTIT26211903070975     000000000000599098620000000000000000000000000906190319190307097500000000000059909862290319000000001348003303908  000000000000000000000000000000000000000000000000000000000000000000000000000000000000001348000000000000000000000000000   200319078          00000000000000                                                                  000106
1020874591800017100000090345100240370REGTIT26211903071090     000000000000599104960000000000000000000000000906190319190307109000000000000059910496290319000000000998023700575  000000000000000000000000000000000000000000000000000000000000000000000000000000000000000998000000000000000000000000000   200319035          00000000000000                                                                  000107
1020874591800017100000090345100240370REGTIT26211903071307     000000000000599116380000000000000000000000000906190319190307130700000000000059911638290319000000000998023705760  000000000000000000000000000000000000000000000000000000000000000000000000000000000000000998000000000000000000000000000   200319035          00000000000000                                                                  000108
1020874591800017100000090345100240370REGTIT26211903071396     000000000000599122350000000000000000000000000906190319190307139600000000000059912235290319000000001299034103812  000000000000000000000000000000000000000000000000000000000000000000000000000000000000001299000000000000000000000000000   200319078          00000000000000                                                                  000109
1020874591800017100000090345100240370REGTIT26211903071435     000000000000599124130000000000000000000000000906190319190307143500000000000059912413290319000000000197523701705  000000000000000000000000000000000000000000000000000000000000000000000000000000000000000197500000000000000000000000000   200319035          00000000000000                                                                  000110
1020874591800017100000090345100240370REGTIT26211903071810     000000000000599147340000000000000000000000000906190319190307181000000000000059914734290319000000000799010404395  000000000000000000000000000000000000000000000000000000000000000000000000000000000000000799000000000000000000000000000   200319078          00000000000000                                                                  000111
1020874591800017100000090345100240370REGTIT26211903071860     000000000000599150210000000000000000000000000906190319190307186000000000000059915021290319000000000998010402122  000000000000000000000000000000000000000000000000000000000000000000000000000000000000000998000000000000000000000000000   200319078          00000000000000                                                                  000112
1020874591800017100000090345100240370REGTIT26211903071891     000000000000599152690000000000000000000000000906190319190307189100000000000059915269290319000000000998010400731  000000000000000000000000000000000000000000000000000000000000000000000000000000000000000998000000000000000000000000000   200319078          00000000000000                                                                  000113
1020874591800017100000090345100240370REGTIT26211903071908     000000000000599153900000000000000000000000000906190319190307190800000000000059915390290319000000000799034101653  000000000000000000000000000000000000000000000000000000000000000000000000000000000000000799000000000000000000000000000   200319078          00000000000000                                                                  000114
1020874591800017100000090345100240370REGTIT26211903072299     000000000000599180470000000000000000000000000906190319190307229900000000000059918047290319000000000899003300810  000000000000000000000000000000000000000000000000000000000000000000000000000000000000000899000000000000000000000000000   200319078          00000000000000                                                                  000115
1020874591800017100000090345100240370REGTIT26211903073225     000000000000599254930000000000000000000000000906190319190307322500000000000059925493290319000000000999823705724  000000000000000000000000000000000000000000000000000000000000000000000000000000000000000999800000000000000000000000000   200319002          00000000000000                                                                  000116
1020874591800017100000090345100240370REGTIT2498997225384971   000000009000598538170000000000000000000000000906190319997225384900000000900059853817220219000000002397010400381  000000000000000000000000000000000000000000000000000000000000000000000000000000000000002534900000000013790000000000000   200319078          00000000000000                                                                  000117
1020874591800017100000090345100240370REGTIT2603997323354530   000000009000598677960000000000000000000000000906190319997323354500000000900059867796180319000000001800023703287  000000000000000000000000000000000000000000000000000000000000000000000000000000000000001838700000000003870000000000000   200319035          00000000000000                                                                  000118
1020874591800017100000090345100240370REGTIT2617996703298107   000000009000598772950000000000000000000000000906190319996703298100000000900059877295140319000000002540003301220  000000000000000000000000000000000000000000000000000000000000000000000000000000000000002609800000000006980000000000000   200319078          00000000000000                                                                  000119
1020874591800017100000090345100240370REGTIT2638995322036745   000000009000599390370000000000000000000000000906190319995322036700000000900059939037200319000000007156010404820  000000000000000000000000000000000000000000000000000000000000000000000000000000000000007156000000000000000000000000000   200319078          00000000000000                                                                  000120
1020874591800017100000090345100240370REGTIT20751812070665     0000000000005964057P000000000000000000000000090919031918120706650000000000005964057P281218000000002383023704150  000000000000000000000000000000000000000000000000000000000000000000000000000000000000000000000000000000000000000000000                          0000000000                                                                  000121
1020874591800017100000090345100240370REGTIT20751812071085     000000000000596428820000000000000000000000000909190319181207108500000000000059642882281218000000002006523704150  000000000000000000000000000000000000000000000000000000000000000000000000000000000000000000000000000000000000000000000                          0000000000                                                                  000122
1020874591800017100000090345100240370REGTIT20751812072107     000000000000596504270000000000000000000000000909190319181207210700000000000059650427281218000000001797023704150  000000000000000000000000000000000000000000000000000000000000000000000000000000000000000000000000000000000000000000000                          0000000000                                                                  000123
1020874591800017100000090345100240370REGTIT22981901070665     000000000000597356000000000000000000000000000909190319190107066500000000000059735600300119000000001149023704150  000000000000000000000000000000000000000000000000000000000000000000000000000000000000000000000000000000000000000000000                          0000000000                                                                  000124
1020874591800017100000090345100240370REGTIT22981901071085     000000000000597377430000000000000000000000000909190319190107108500000000000059737743300119000000000799023704150  000000000000000000000000000000000000000000000000000000000000000000000000000000000000000000000000000000000000000000000                          0000000000                                                                  000125
1020874591800017100000090345100240370REGTIT22981901072107     000000000000597448550000000000000000000000000909190319190107210700000000000059744855300119000000000998023704150  000000000000000000000000000000000000000000000000000000000000000000000000000000000000000000000000000000000000000000000                          0000000000                                                                  000126
1020874591800017100000090345100240370REGTIT24411902070665     0000000000005982316P000000000000000000000000090919031919020706650000000000005982316P280219000000001149023704150  000000000000000000000000000000000000000000000000000000000000000000000000000000000000000000000000000000000000000000000                          0000000000                                                                  000127
1020874591800017100000090345100240370REGTIT24411902071085     000000000000598251890000000000000000000000000909190319190207108500000000000059825189280219000000000799023704150  000000000000000000000000000000000000000000000000000000000000000000000000000000000000000000000000000000000000000000000                          0000000000                                                                  000128
1020874591800017100000090345100240370REGTIT24411902072107     000000000000598318980000000000000000000000000909190319190207210700000000000059831898280219000000000998023704150  000000000000000000000000000000000000000000000000000000000000000000000000000000000000000000000000000000000000000000000                          0000000000                                                                  000129
1020874591800017100000090345100240370REGTIT24411902072128     000000000000598320450000000000000000000000000909190319190207212800000000000059832045280219000000000998023704150  000000000000000000000000000000000000000000000000000000000000000000000000000000000000000000000000000000000000000000000                          0000000000                                                                  000130
1020874591800017100000090345100240370REGTIT24411902073105     000000000000598402180000000000000000000000000909190319190207310500000000000059840218280219000000000998023704150  000000000000000000000000000000000000000000000000000000000000000000000000000000000000000000000000000000000000000000000                          0000000000                                                                  000131
1020874591800017100000090345100240370REGTIT26211903070070     000000000000599062510000000000000000000000000909190319190307007000000000000059906251290319000000000998023704150  000000000000000000000000000000000000000000000000000000000000000000000000000000000000000000000000000000000000000000000                          0000000000                                                                  000132
1020874591800017100000090345100240370REGTIT26211903071085     000000000000599104450000000000000000000000000909190319190307108500000000000059910445290319000000000799023704150  000000000000000000000000000000000000000000000000000000000000000000000000000000000000000000000000000000000000000000000                          0000000000                                                                  000133
1020874591800017100000090345100240370REGTIT254299727034323    000000009000598598660000000000000000000000000909190319997270343200000000900059859866070319000000002397023704150  000000000000000000000000000000000000000000000000000000000000000000000000000000000000000000000000000000000000000000000                          0000000000                                                                  000134
1020874591800017100000090345100240370REGTIT26211903073223     000000000000599254770000000000000000000000000912190319190307322300000000000059925477290319000000000799023704150  000000000000000000000000000000000000000000000000000000000000034000000000000000000000000000000000000000000000000000000                          0000000000                                                                  000135
9201237          000068740000009937190800000568          00038000001036288000001171932000790000011415910001400000018268500000000000000000000000000000000000000100000000799000000000000000000                                                                                                                                                                              00000000000000000000000         000136
