34100000      080213117948000173                    03833 000000062830 2    WORLD CLICK DESENVOLVEDORABANCO ITAU S/A                          20203201903283602767408006250                                                                     
34100011C2001080 213117948000173                    03833 000000062830 2    WORLD CLICK DESENVOLVEDORA                                        AV. CANDIDO DE ABREU          70                  CURITIBA            80530000PR                  
3410001300001A00000034103701 000000013879 8ALESSANDRO ANTON RODR SILVA                       01032019BRL000000000000000000000000246822038142473000012     01032019000000000246822482                 00000000002439525979            000        
3410001300002A00000034100942 000000056082 2JEFFERSON FERREIRA VIEIRA                         01032019BRL000000000000000000000000280662038142473000020     01032019000000000280662476                 00000000078894557200            000        
3410001300003A00000034108797 000000014288 5JULIA LOPES                                       01032019BRL000000000000000000000000121400038142473000038     01032019000000000121400494                 00000000009324066960            000        
3410001300004A00000034104011 000000070590 4LUCAS FELIPE DA ROSA                              01032019BRL000000000000000000000000123013038142473000046     01032019000000000123013407                 00000000010472183990            000        
34100015         000006000000000000771897000000000000000000                                                                                                                                                                                     
34100021C2005080 213117948000173                    03833 000000062830 2    WORLD CLICK DESENVOLVEDORA                                        AV. CANDIDO DE ABREU          70                  CURITIBA            80530000PR                  
3410002300001A00000034109313 000000059645 5JAYNE DE OLIVEIRA                                 01032019BRL000000000000000000000000275655038142474000011     01032019000000000275655484                 00000000008848285902            000        
34100025         000003000000000000275655000000000000000000                                                                                                                                                                                     
34100031C2003080 213117948000173                    03833 000000062830 2    WORLD CLICK DESENVOLVEDORA                                        AV. CANDIDO DE ABREU          70                  CURITIBA            80530000PR                  
3410003300001A00000010401525 000000027252 9JESSICA MENDES DA CUNHA ARAUJO                    01032019BRL000000000000000000000000200000038142475000010     01032019000000000200000289                 53315000040859809803            000        
3410003300002A00000000100381 000000034935 6JOAO PAULO BERTOLA BUTI                           01032019BRL000000000000000000000000313480038142475000028     01032019000000000313480314                 53315100005103031965            000        
3410003300003A00000003304524 000001056225 4JOSE WELLINGTON CUNHA                             01032019BRL000000000000000000000000275655038142475000036     01032019000000000275655471                 53315200000116729350            000        
3410003300004A00000010403556 001300008198 5LUIS HENRIQUE MILDENBERG CARNE                    01032019BRL000000000000000000000000173100038142475000044     01032019000000000173100192                 53315300008703203948            000        
3410003300005A00000010401316 000000025692 6TULIO MATEUS RODRIGUES BENTO                      01032019BRL000000000000000000000000313480038142475000051     01032019000000000313480302                 53315400008211232979            000        
34100035         000007000000000001275715000000000000000000                                                                                                                                                                                     
34100041C2005080 213117948000173                    03833 000000062830 2   WORLD CLICK DESENVOLVEDORA                                         AV. CANDIDO DE ABREU          70                  CURITIBA            80530000PR                  
3410004300001A00000034109313 000000059645 5JAYNE DE OLIVEIRA                                 01032019BRL000000000000000000000000061350038142486000017     01032019000000000061350484                 00000000008848285902            000        
34100045         000003000000000000061350000000000000000000                                                                                                                                                                                     
34100051C2003080 213117948000173                    03833 000000062830 2   WORLD CLICK DESENVOLVEDORA                                         AV. CANDIDO DE ABREU          70                  CURITIBA            80530000PR                  
3410005300001A00000010401525 000000027252 9JESSICA MENDES DA CUNHA ARAUJO                    01032019BRL000000000000000000000000041800038142487000016     01032019000000000041800289                 53315500040859809803            000        
3410005300002A00000000100381 000000034935 6JOAO PAULO BERTOLA BUTI                           01032019BRL000000000000000000000000061350038142487000024     01032019000000000061350314                 53315600005103031965            000        
3410005300003A00000003304524 000001056225 4JOSE WELLINGTON CUNHA                             01032019BRL000000000000000000000000061350038142487000032     01032019000000000061350471                 53315700000116729350            000        
3410005300004A00000010403556 001300008198 5LUIS HENRIQUE MILDENBERG CARNE                    01032019BRL000000000000000000000000061350038142487000040     01032019000000000061350192                 53315800008703203948            000        
3410005300005A00000010401316 000000025692 6TULIO MATEUS RODRIGUES BENTO                      01032019BRL000000000000000000000000061350038142487000057     01032019000000000061350302                 53315900008211232979            000        
34100055         000007000000000000287200000000000000000000                                                                                                                                                                                     
34100061C2001080 213117948000173                    03833 000000062830 2   WORLD CLICK DESENVOLVEDORA                                         AV. CANDIDO DE ABREU          70                  CURITIBA            80530000PR                  
3410006300001A00000034103701 000000013879 8ALESSANDRO ANTON RODR SILVA                       01032019BRL000000000000000000000000061350637842795000013     01032019000000000061350482                 00000000002439525979            000        
3410006300002A00000034100942 000000056082 2JEFFERSON FERREIRA VIEIRA                         01032019BRL000000000000000000000000063150637842795000021     01032019000000000063150476                 00000000078894557200            000        
3410006300003A00000034108797 000000014288 5JULIA LOPES                                       01032019BRL000000000000000000000000061350637842795000039     01032019000000000061350494                 00000000009324066960            000        
3410006300004A00000034104011 000000070590 4LUCAS FELIPE DA ROSA                              01032019BRL000000000000000000000000061350637842795000047     01032019000000000061350407                 00000000010472183990            000        
34100065         000006000000000000247200000000000000000000                                                                                                                                                                                     
34199999         000006000034000000                                                                                                                                                                                                             
