34100000      080208745918000171          000110501 03833 000000063310 4     WC SIST EQUIP INFORMATICABANCO ITAU S/A                          20703201917141500059208006250                                                                     
34100011C2003080 208745918000171                    03833 000000063310 4     WC SIST EQUIP INFORMATICA                                        AV. CANDIDO DE ABREU          70                  CURITIBA            80530000PR                  
3410001300001A00000000105878 000000005328 7ATUAL SOLUCOES EM ANALISE E RE                    07032019BRL000000000000000000000000327178637885414000013     070320190000000003271789999925             52443211324664000122            0BD        
34100015         000003000000000000327178000000000000000000                                                                                                                                                                                     
34100021C2001080 208745918000171                    03833 000000063310 4     WC SIST EQUIP INFORMATICA                                        AV. CANDIDO DE ABREU          70                  CURITIBA            80530000PR                  
3410002300001A00000034100109 000000090984 6ATUAL S E A E R D C LTDA                          07032019BRL000000000000000000000001038358837982520000017     070320190000000010383589999928             00000011324664000122            0BD        
3410002300002A00000034103247 000000022327 8DINA DOS SANTOS VIANA                             07032019BRL000000000000000000000000760654837982520000025     0703201900000000076065499999128            00000000000047298030            0BD        
34100025         000004000000000001799012000000000000000000                                                                                                                                                                                     
34100031C2041080 208745918000171                    03833 000000063310 4     WC SIST EQUIP INFORMATICA                                        AV. CANDIDO DE ABREU          70                  CURITIBA            80530000PR                  
3410003300001A00000000105878 000000005328 7ATUAL SOLUCOES EM ANALISE E RE                    07032019BRL000000000000000000000001936990837982521000016     070320190000000019369909999911             00000011324664000122            0RJAP      
3410003300002A00000000105878 000000005328 7ATUAL SOLUCOES EM ANALISE E RE                    07032019BRL000000000000000000000000678821837982521000024     070320190000000006788219999912             00000011324664000122            0RJAP      
34100035         000004000000000002615811000000000000000000                                                                                                                                                                                     
34199999         000003000013000000                                                                                                                                                                                                             
