34100000      080212244595000100                    08616 000000019914 0ISPCN ADMINISTRACAO DE TITULOSBANCO ITAU S/A                          20803201903154301465308006250                                                                     
34100011C2001080 212244595000100                    08616 000000019914 0ISPCN ADMINISTRACAO DE TITULOS                                        AV. MAL. FLORIANO PEIXOTO     306                 CURITIBA            80010130PR                  
3410001300001A00000034103835 000000065830 7ALEXANDRE MARCOS 06865277988                      07032019BRL000000000000000000000000155362438329570000013     070320190000000001553629999971512          00000013098007000130            000        
3410001300002A00000034103715 000000047425 4ANA CAROLINA D COSTA LIMA                         07032019BRL000000000000000000000000029683438329570000021     070320190000000000296839999972050          00000000008615030901            000        
3410001300003A00000034107454 000000018282 0DRIVE AUTO CENTER LTDA ME                         07032019BRL000000000000000000000000026971438329570000039     070320190000000000269719999959754          00000021107345000119            000        
3410001300004A00000034108613 000000017459 1LUCIANA GOM SANTOS ARMARINHOS                     07032019BRL000000000000000000000000039725438329570000047     07032019000000000039725999997964           00000007378544000130            000        
3410001300005A00000034104387 000000008436 3LUCIO NUNES MELO-ME                               07032019BRL000000000000000000000000024650438329570000054     070320190000000000246509999929291          00000002153264000100            000        
3410001300006A00000034103706 000000035957 1MARCOS KENJI SATO                                 07032019BRL000000000000000000000000153308438329570000062     070320190000000001533089999969598          00000000005353037936            000        
3410001300007A00000034108488 000000030145 1OLIVEIRA E GRUNOWE LTDA ME                        07032019BRL000000000000000000000000115228438329570000070     070320190000000001152289999967248          00000012415620000170            000        
3410001300008A00000034103811 000000030306 8PRODELIK MAT DE CONSTR LTDA ME                    07032019BRL000000000000000000000000032184438329570000088     070320190000000000321849999947555          00000007097814000135            000        
34100015         000010000000000000577111000000000000000000                                                                                                                                                                                     
34100021C2003080 212244595000100                    08616 000000019914 0ISPCN ADMINISTRACAO DE TITULOS                                        AV. MAL. FLORIANO PEIXOTO     306                 CURITIBA            80010130PR                  
3410002300001A00000010403557 001300012089 7ANDERSON ROCHA                                    07032019BRL000000000000000000000000044785438329572000011     070320190000000000447859999968839          52440400006125405966            000        
3410002300002A00000010403522 000000020781 5ANDRE DILSON AGUIAR                               07032019BRL000000000000000000000000155964438329572000029     070320190000000001559649999963156          52440500001664693947            000        
3410002300003A00000003304388 000013001830 7ART RACING PECAS AUTOMOTIVAS                      07032019BRL000000000000000000000000033399438329572000037     070320190000000000333999999969557          52440613038228000112            000        
3410002300004A00000010400385 000000001674 7AUTO MECANICA DO JUNIOR LTDA                      07032019BRL000000000000000000000000048506438329572000045     070320190000000000485069999951864          52440712470120000131            000        
3410002300005A00000010401228 000000001643 5CARRACCI MOVEIS E COLCHOES ME                     07032019BRL000000000000000000000000017788438329572000052     070320190000000000177889999958860          52440821092386000189            000        
3410002300006A00000010403342 000000025389 4CLEVERSON RODRIGUES DE ALMEIDA                    07032019BRL000000000000000000000000004885438329572000060     070320190000000000048859999972446          52440900005230346957            000        
3410002300007A00000004100036 000061035390 1DBAYRES COMERCIO E REPRESENTAC                    07032019BRL000000000000000000000000219275438329572000078     070320190000000002192759999963240          52441007391379000157            000        
3410002300008A00000010400812 000000002560 6ELY TRATORES  HIDRAULICOS LTD                     07032019BRL000000000000000000000000038105438329572000086     070320190000000000381059999955930          52441117359132000107            000        
3410002300009A00000000100046 000000036918 7GABRIEL SILVA DO ESPIRITO SANT                    07032019BRL000000000000000000000000133168438329572000094     070320190000000001331689999963745          52441223716290000170            000        
3410002300010A00000010404167 000000604739 6JAMES TEIXEIRA SOBRINHO                           07032019BRL000000000000000000000000039958438329572000102     070320190000000000399589999944111          52441300071638113149            000        
3410002300011A00000003301236 000013000021 5JARFAS AUTO PECAS LTDA.                           07032019BRL000000000000000000000000023150438329572000110     070320190000000000231509999965978          52441401966607000193            000        
3410002300012A00000010403557 000000000648 5JEFFERSON COELHO ALVES                            07032019BRL000000000000000000000000187351438329572000128     070320190000000001873519999940729          52441512402115000191            000        
3410002300013A00000075604368 000000121140 4JOLMAR MENDES NICOLA                              07032019BRL000000000000000000000000080293438329572000136     070320190000000000802939999969146          52441600032168195900            000        
3410002300014A00000010400346 000000000568 8JOSE ALEXANDRE DE ANDRADE DEPO                    07032019BRL000000000000000000000000030433438329572000144     070320190000000000304339999964290          52441707741104000104            000        
3410002300015A00000010401316 001300005216 0MARCELO RICARDO DOS ANJOS                         07032019BRL000000000000000000000000021713438329572000151     070320190000000000217139999967350          52441800003277609901            000        
3410002300016A00000000100628 000000005666 9MARLI DA SILVA GUIMARAES                          07032019BRL000000000000000000000000018275438329572000177     070320190000000000182759999950951          52441900027835820072            000        
3410002300017A00000000103511 000000031924 4PAULO GONCALVES JUVENAL                           07032019BRL000000000000000000000000120320438329572000185     070320190000000001203209999970417          52442000049151428920            000        
3410002300018A00000010400369 000000005097 2PEREIRA E VIANNA ADVOCACIA E C                    07032019BRL000000000000000000000000012269438329572000193     070320190000000000122699999919818          52442103165895000102            000        
3410002300019A00000000101235 000000139397 9PREV ORAL ODONTOLOGIA LTD                         07032019BRL000000000000000000000000018275438329572000201     070320190000000000182759999926864          52442218350433000132            000        
3410002300020A00000010400644 000000004127 7R E K COMERCIO DE PRODUTOS OPT                    07032019BRL000000000000000000000000149881438329572000219     070320190000000001498819999953894          52442316898505000155            000        
3410002300021A00000000103263 000000051258 3RAFFENCAR COMERCIO DE VEICULOS                    07032019BRL000000000000000000000000127277438329572000227     070320190000000001272779999970171          52442410428791000109            000        
3410002300022A00000010401932 000000001267 4RENILTON EVANGELISTA ALVES JUN                    07032019BRL000000000000000000000000032900438329572000235     070320190000000000329009999960820          52442508728659000170            000        
3410002300023A00000000101430 000000035161 0RENLING E ILHA COM E LOL VEICU                    07032019BRL000000000000000000000000073216438329572000243     070320190000000000732169999951956          52442611926106000137            000        
3410002300024A00000000100429 000000017113 1REPARACOES AUTOMOTIVAS COSTA L                    07032019BRL000000000000000000000000010963438329572000250     070320190000000000109639999964682          52442714766049000164            000        
3410002300025A00000000104231 000000009579 6VALQRENE NADIJA SERPA BOMFIM M                    07032019BRL000000000000000000000000018275438329572000276     070320190000000000182759999934627          52442801758237000107            000        
3410002300026A00000010400389 000000241823 0VILSON DE PAULA VIVI                              07032019BRL000000000000000000000000184025438329572000284     070320190000000001840259999970659          52442900002302852958            000        
3410002300027A00000000100773 000000019465 4VITOR JOSE PINHEIRO E CIA LTDA                    07032019BRL000000000000000000000000053189438329572000292     070320190000000000531899999939249          52443000307078000153            000        
3410002300028A00000010403068 001300014553 0WANDER APARECIDO SATURNINO                        07032019BRL000000000000000000000000291275438329572000300     070320190000000002912759999961767          52443100061920509968            000        
34100025         000030000000000002188913000000000000000000                                                                                                                                                                                     
34199999         000002000042000000                                                                                                                                                                                                             
