34100000      080208745918000171                    03833 000000063310 4     WC SIST EQUIP INFORMATICABANCO ITAU S/A                          20803201903162502440308006250                                                                     
34100011C2003080 208745918000171                    03833 000000063310 4     WC SIST EQUIP INFORMATICA                                        AV. CANDIDO DE ABREU          70                  CURITIBA            80530000PR                  
3410001300001A00000000105878 000000005328 7ATUAL SOLUCOES EM ANALISE E RE                    07032019BRL000000000000000000000000327178637885414000013     070320190000000003271789999925             52443211324664000122            000        
34100015         000003000000000000327178000000000000000000                                                                                                                                                                                     
34100021C2001080 208745918000171                    03833 000000063310 4     WC SIST EQUIP INFORMATICA                                        AV. CANDIDO DE ABREU          70                  CURITIBA            80530000PR                  
3410002300001A00000034100109 000000090984 6ATUAL S E A E R D C LTDA                          07032019BRL000000000000000000000001038358837982520000017     070320190000000010383589999928             00000011324664000122            000        
3410002300002A00000034103247 000000022327 8DINA DOS SANTOS VIANA                             07032019BRL000000000000000000000000760654837982520000025     0703201900000000076065499999128            00000000000047298030            000        
34100025         000004000000000001799012000000000000000000                                                                                                                                                                                     
34199999         000002000009000000                                                                                                                                                                                                             
