34100000      080208745918000171          000110501 03833 000000063310 4     WC SIST EQUIP INFORMATICABANCO ITAU S/A                          21203201911391000063508006250                                                                     
34100011C2041080 208745918000171                    03833 000000063310 4     WC SIST EQUIP INFORMATICA                                        AV. CANDIDO DE ABREU          70                  CURITIBA            80530000PR                  
3410001300001A00000000105878 000000005328 7ATUAL SOLUCOES EM ANALISE E RE                    12032019BRL000000000000000000000003396318238143098000013     120320190000000033963189999911             06971611324664000122            0BD        
3410001300002A00000000105878 000000005328 7ATUAL SOLUCOES EM ANALISE E RE                    12032019BRL000000000000000000000001249685238143098000021     120320190000000012496859999912             06971711324664000122            0BD        
34100015         000004000000000004646003000000000000000000                                                                                                                                                                                     
34100021C2001080 208745918000171                    03833 000000063310 4     WC SIST EQUIP INFORMATICA                                        AV. CANDIDO DE ABREU          70                  CURITIBA            80530000PR                  
3410002300001A00000034100109 000000090984 6ATUAL S E A E R D C LTDA                          12032019BRL000000000000000000000000474953438366136000012     120320190000000004749539999928             00000011324664000122            0BD        
3410002300002A00000034103247 000000022327 8DINA DOS SANTOS VIANA                             12032019BRL000000000000000000000000192753438366136000020     1203201900000000019275399999128            00000000000047298030            0BD        
34100025         000004000000000000667706000000000000000000                                                                                                                                                                                     
34100031C2003080 208745918000171                    03833 000000063310 4     WC SIST EQUIP INFORMATICA                                        AV. CANDIDO DE ABREU          70                  CURITIBA            80530000PR                  
3410003300001A00000000105878 000000005328 7ATUAL SOLUCOES EM ANALISE E RE                    12032019BRL000000000000000000000000114530438366137000011     120320190000000001145309999925             50523111324664000122            0BD        
34100035         000003000000000000114530000000000000000000                                                                                                                                                                                     
34199999         000003000013000000                                                                                                                                                                                                             
