34100000      080212244595000100                    08616 000000019914 0ISPCN ADMINISTRACAO DE TITULOSBANCO ITAU S/A                          21303201902585400978308006250                                                                     
34100011C2001080 212244595000100                    08616 000000019914 0ISPCN ADMINISTRACAO DE TITULOS                                        AV. MAL. FLORIANO PEIXOTO     306                 CURITIBA            80010130PR                  
3410001300001A00000034107454 000000018282 0DRIVE AUTO CENTER LTDA ME                         12032019BRL000000000000000000000000043475637927641000018     120320190000000000434759999959754          00000021107345000119            000        
3410001300002A00000034101478 000000005269 7JEIMISON SANTOS GUIMARAES ME                      12032019BRL000000000000000000000000022376637927641000026     120320190000000000223769999962346          00000014813314000118            000        
3410001300003A00000034104011 000000024599 2JARDIM COBRANCA                                   12032019BRL000000000000000000000000035636637927641000034     120320190000000000356369999972576          00000000004010105976            000        
3410001300004A00000034104387 000000008436 3LUCIO NUNES MELO-ME                               12032019BRL000000000000000000000000015838637927641000042     120320190000000000158389999929291          00000002153264000100            000        
3410001300005A00000034108290 000000036273 3M DAS DORES A ARAUJO ME                           12032019BRL000000000000000000000000045038637927641000059     120320190000000000450389999961781          00000002630279000112            000        
3410001300006A00000034102929 000000082418 9MONICA NUNES DO PACO - ME                         12032019BRL000000000000000000000000036730637927641000067     120320190000000000367309999972397          00000000075258579972            000        
3410001300007A00000034107428 000000022906 1COMERCIAL RODRIGUES LTDA                          12032019BRL000000000000000000000000015058637927641000075     120320190000000000150589999960584          00000019714465000132            000        
3410001300008A00000034108290 000000030631 8ROILSON SILVA OLIVEIRA ME                         12032019BRL000000000000000000000000014547637927641000083     120320190000000000145479999949831          00000017809829000132            000        
3410001300009A00000034108109 000000027552 2TANNER CEZAR CINTRA                               12032019BRL000000000000000000000000040319637927641000091     120320190000000000403199999942776          00000015074817000181            000        
34100015         000011000000000000269017000000000000000000                                                                                                                                                                                     
34100021C2041080 212244595000100                    08616 000000019914 0ISPCN ADMINISTRACAO DE TITULOS                                        AV. MAL. FLORIANO PEIXOTO     306                 CURITIBA            80010130PR                  
3410002300001A00000010400406 000000005688 1HABIB ASSUNAO DIAS ME                             12032019BRL003603050000000000000000765817637927642000017     120320190000000007658179999965318          06966612003367000148            000        
3410002300002A00000000106657 000000009937 6JOSE ALECIO TORRICELLI                            12032019BRL000000000000000000000001753403637927642000025     120320190000000017534039999940192          06966700071655395815            000        
3410002300003A00000000103500 000000025010 4LIANA S ANDRADE ME                                12032019BRL000000000000000000000000652422637927642000033     120320190000000006524229999962914          06966808473649000131            000        
3410002300004A00000003300968 000013000587 9ZOE BURGER LTDA                                   12032019BRL904008880000000000000000577925637927642000041     120320190000000005779259999970856          06966922478649000155            000        
34100025         000006000000000003749567000000000000000000                                                                                                                                                                                     
34100031C2003080 212244595000100                    08616 000000019914 0ISPCN ADMINISTRACAO DE TITULOS                                        AV. MAL. FLORIANO PEIXOTO     306                 CURITIBA            80010130PR                  
3410003300001A00000000103233 000000020479 0ANA PAULA MALAQUIAS                               12032019BRL000000000000000000000000006814637927643000016     120320190000000000068149999959837          50518700003695373946            000        
3410003300002A00000010403522 000000020781 5ANDRE DILSON AGUIAR                               12032019BRL000000000000000000000000175845637927643000024     120320190000000001758459999963156          50518800001664693947            000        
3410003300003A00000003300287 000013002241 4ANDRIS MARCOS BARBOSA DOS REIS                    12032019BRL000000000000000000000000119062637927643000032     120320190000000001190629999945732          50518907467990000111            000        
3410003300004A00000003304388 000013001830 7ART RACING PECAS AUTOMOTIVAS                      12032019BRL000000000000000000000000039725637927643000040     120320190000000000397259999969557          50519013038228000112            000        
3410003300005A00000010400385 000000001674 7AUTO MECANICA DO JUNIOR LTDA                      12032019BRL000000000000000000000000021395637927643000057     120320190000000000213959999951864          50519112470120000131            000        
3410003300006A00000010404373 000000000938 0CAR TEC PECAS E SERVICOS                          12032019BRL000000000000000000000000101469637927643000065     120320190000000001014699999971748          50519226979113000174            000        
3410003300007A00000010401228 000000001643 5CARRACCI MOVEIS E COLCHOES ME                     12032019BRL000000000000000000000000006088637927643000073     120320190000000000060889999958860          50519321092386000189            000        
3410003300008A00000010402864 000000002229 0CARVALHO E LIMA SERVICOS DE SE                    12032019BRL000000000000000000000000182504637927643000081     120320190000000001825049999966421          50519422066516000171            000        
3410003300009A00000010403342 000000025389 4CLEVERSON RODRIGUES DE ALMEIDA                    12032019BRL000000000000000000000000003650637927643000099     120320190000000000036509999972446          50519500005230346957            000        
3410003300010A00000010403509 000000001483 4CLINICA ODONTOLOGIA ESPECIALIZ                    12032019BRL000000000000000000000000010423637927643000107     120320190000000000104239999971033          50519619613552000101            000        
3410003300011A00000003302189 000013001772 3CLINICA ODONTOLOGICA PERSONAL                     12032019BRL000000000000000000000000097427637927643000115     120320190000000000974279999946619          50519707188465000167            000        
3410003300012A00000004100036 000061035390 1DBAYRES COMERCIO E REPRESENTAC                    12032019BRL000000000000000000000000044877637927643000123     120320190000000000448779999963240          50519807391379000157            000        
3410003300013A00000010401266 000000044638 8EDUARDO DA SILVA PORTO                            12032019BRL000000000000000000000000065798637927643000131     120320190000000000657989999972056          50519900065823397887            000        
3410003300014A00000010400812 000000002560 6ELY TRATORES  HIDRAULICOS LTD                     12032019BRL000000000000000000000000394583637927643000149     120320190000000003945839999955930          50520017359132000107            000        
3410003300015A00000000101467 000000034857 0FABIO DE SOUZA CHINCOVIAKI                        12032019BRL000000000000000000000000007228637927643000156     120320190000000000072289999970959          50520109605370000127            000        
3410003300016A00000010400384 000000002340 3FERNANDO JACINTO ME                               12032019BRL000000000000000000000000018770637927643000164     120320190000000000187709999952967          50520217397133000146            000        
3410003300017A00000000100046 000000036918 7GABRIEL SILVA DO ESPIRITO SANT                    12032019BRL000000000000000000000000283225637927643000172     120320190000000002832259999963745          50520323716290000170            000        
3410003300018A00000074800226 000000051790 9GELVANIO MORAES                                   12032019BRL000000000000000000000000000767637927643000180     120320190000000000007679999965438          50520412112863000130            000        
3410003300019A00000004100219 000358501220 5GISELE KRAUZE ZACHER                              12032019BRL000000000000000000000000033492637927643000198     120320190000000000334929999969332          50520500000432729089            000        
3410003300020A00000010404167 000000604739 6JAMES TEIXEIRA SOBRINHO                           12032019BRL000000000000000000000000113620637927643000206     120320190000000001136209999944111          50520600071638113149            000        
3410003300021A00000010403557 000000000648 5JEFFERSON COELHO ALVES                            12032019BRL000000000000000000000000164771637927643000214     120320190000000001647719999940729          50520712402115000191            000        
3410003300022A00000010402975 000000000270 2JOAO GERALDO STROZZI                              12032019BRL000000000000000000000000015964637927643000222     120320190000000000159649999969982          50520826337299000168            000        
3410003300023A00000003301553 000013000203 1JOAO PAULO BRUSTOLIN                              12032019BRL000000000000000000000000021502637927643000230     120320190000000000215029999958037          50520912727944000144            000        
3410003300024A00000075604368 000000121140 4JOLMAR MENDES NICOLA                              12032019BRL000000000000000000000000055813637927643000248     120320190000000000558139999969146          50521000032168195900            000        
3410003300025A00000003300277 000013002374 8MAGAZINE UNIAO COMERCIO DE MOV                    12032019BRL000000000000000000000000009744637927643000255     120320190000000000097449999954219          50521117947189000208            000        
3410003300026A00000010401316 001300005216 0MARCELO RICARDO DOS ANJOS                         12032019BRL000000000000000000000000045166637927643000263     120320190000000000451669999967350          50521200003277609901            000        
3410003300027A00000003302190 000013003737 0MARIA FATIMA FERNANDES                            12032019BRL000000000000000000000000081611637927643000271     120320190000000000816119999973161          50521330092243000168            000        
3410003300028A00000000100628 000000005666 9MARLI DA SILVA GUIMARAES                          12032019BRL000000000000000000000000160549637927643000289     120320190000000001605499999950951          50521400027835820072            000        
3410003300029A00000003303426 000013002371 2NEICI AP BARBOSA VOLPE RIBEIRO                    12032019BRL000000000000000000000000012815637927643000297     120320190000000000128159999932753          50521520416585000132            000        
3410003300030A00000003301012 000013002075 0NICOLAS ALEXANDRO HARRIS                          12032019BRL000000000000000000000000080441637927643000305     120320190000000000804419999972540          50521631583769000103            000        
3410003300031A00000003301220 000013000869 0NOVA PLAY GROUND CURITIBA EIRE                    12032019BRL000000000000000000000000046829637927643000313     120320190000000000468299999967531          50521722730133000156            000        
3410003300032A00000010403280 000000000957 8OTICA ANGELA LTDA ME                              12032019BRL000000000000000000000000011450637927643000321     120320190000000000114509999925938          50521868357524000178            000        
3410003300033A00000010400369 000000005097 2PEREIRA E VIANNA ADVOCACIA E C                    12032019BRL000000000000000000000000102163637927643000339     120320190000000001021639999919818          50521903165895000102            000        
3410003300034A00000000101235 000000139397 9PREV ORAL ODONTOLOGIA LTD                         12032019BRL000000000000000000000000022925637927643000347     120320190000000000229259999926864          50522018350433000132            000        
3410003300035A00000010400644 000000004127 7R E K COMERCIO DE PRODUTOS OPT                    12032019BRL000000000000000000000000244773637927643000354     120320190000000002447739999953894          50522116898505000155            000        
3410003300036A00000000103263 000000051258 3RAFFENCAR COMERCIO DE VEICULOS                    12032019BRL000000000000000000000000266766637927643000362     120320190000000002667669999970171          50522210428791000109            000        
3410003300037A00000000101430 000000035161 0RENLING E ILHA COM E LOL VEICU                    12032019BRL000000000000000000000000135213637927643000370     120320190000000001352139999951956          50522311926106000137            000        
3410003300038A00000003304008 000013001891 7ROILSON SILVA OLIVEIRA ME                         12032019BRL000000000000000000000000050873637927643000388     120320190000000000508739999964165          50522417809829000213            000        
3410003300039A00000010400586 000000003180 3ROSEVALDO ALVES FERREIRA CELUL                    12032019BRL000000000000000000000000010732637927643000396     120320190000000000107329999972816          50522531306982000178            000        
3410003300040A00000010403001 000000000985 5SOLON DE SOUSA RIBEIRO                            12032019BRL000000000000000000000000094176637927643000404     120320190000000000941769999965442          50522608769438000140            000        
3410003300041A00000000104231 000000009579 6VALQRENE NADIJA SERPA BOMFIM M                    12032019BRL000000000000000000000000008525637927643000420     120320190000000000085259999934627          50522701758237000107            000        
3410003300042A00000000100773 000000019465 4VITOR JOSE PINHEIRO E CIA LTDA                    12032019BRL000000000000000000000000092331637927643000438     120320190000000000923319999939249          50522800307078000153            000        
3410003300043A00000010400425 001300150666 0VIVIANA GONCALVES BROGNI                          12032019BRL000000000000000000000000000470637927643000446     120320190000000000004709999960319          50522900005761722941            000        
34100035         000045000000000003462364000000000000000000                                                                                                                                                                                     
34199999         000003000064000000                                                                                                                                                                                                             
