34100000      080208745918000171          000110501 03833 000000063310 4     WC SIST EQUIP INFORMATICABANCO ITAU S/A                          21903201914033000053708006250                                                                     
34100011C2001080 208745918000171                    03833 000000063310 4     WC SIST EQUIP INFORMATICA                                        AV. CANDIDO DE ABREU          70                  CURITIBA            80530000PR                  
3410001300001A00000034100109 000000090984 6ATUAL S E A E R D C LTDA                          19032019BRL000000000000000000000000265364838101200000010     190320190000000002653649999928             00000011324664000122            0BD        
3410001300002A00000034103247 000000022327 8DINA DOS SANTOS VIANA                             19032019BRL000000000000000000000000216909838101200000028     1903201900000000021690999999128            00000000000047298030            0BD        
34100015         000004000000000000482273000000000000000000                                                                                                                                                                                     
34100021C2041080 208745918000171                    03833 000000063310 4     WC SIST EQUIP INFORMATICA                                        AV. CANDIDO DE ABREU          70                  CURITIBA            80530000PR                  
3410002300001A00000000105878 000000005328 7ATUAL SOLUCOES EM ANALISE E RE                    19032019BRL000000000000000000000000634894838101201000019     190320190000000006348949999911             10508311324664000122            0BD        
34100025         000003000000000000634894000000000000000000                                                                                                                                                                                     
34100031C2003080 208745918000171                    03833 000000063310 4     WC SIST EQUIP INFORMATICA                                        AV. CANDIDO DE ABREU          70                  CURITIBA            80530000PR                  
3410003300001A00000000105878 000000005328 7ATUAL SOLUCOES EM ANALISE E RE                    19032019BRL000000000000000000000000292503838101202000018     190320190000000002925039999912             50912711324664000122            0BD        
3410003300002A00000000105878 000000005328 7ATUAL SOLUCOES EM ANALISE E RE                    19032019BRL000000000000000000000000138141838101202000026     190320190000000001381419999925             50912811324664000122            0BD        
34100035         000004000000000000430644000000000000000000                                                                                                                                                                                     
34199999         000003000013000000                                                                                                                                                                                                             
