34100000      080212244595000100          000110501 08616 000000019914 0ISPCN ADMINISTRACAO DE TITULOSBANCO ITAU S/A                          21903201913484600026908006250                                                                     
34100011C2001080 212244595000100                    08616 000000019914 0ISPCN ADMINISTRACAO DE TITULOS                                        AV. MAL. FLORIANO PEIXOTO     306                 CURITIBA            80010130PR                  
3410001300001A00000034100363 000000005583 1ANDRE W D D A 70764864408                         19032019BRL000000000000000000000000067229438444354000012     190320190000000000672299999964056          00000023995861000152            0BD        
3410001300002A00000034103715 000000031891 5DAHIANE CAVALHEIRO CORDEIRO                       19032019BRL000000000000000000000000308872438444354000020     190320190000000003088729999967639          00000012847269000197            0BD        
3410001300003A00000034103715 000000049177 9ISMAEL APARECIDO OLIVEIRA SCHN                    19032019BRL000000000000000000000000047006438444354000038     190320190000000000470069999972128          00000000006157120967            0BD        
3410001300004A00000034104011 000000024599 2JARDIM COBRANCA                                   19032019BRL000000000000000000000000086911438444354000046     190320190000000000869119999972576          00000000004010105976            0BD        
3410001300005A00000034104387 000000008436 3LUCIO NUNES MELO-ME                               19032019BRL000000000000000000000000033650438444354000053     190320190000000000336509999929291          00000002153264000100            0BD        
3410001300006A00000034108290 000000036273 3M DAS DORES A ARAUJO ME                           19032019BRL000000000000000000000000026800438444354000061     190320190000000000268009999961781          00000002630279000112            0BD        
3410001300007A00000034103706 000000035957 1MARCOS KENJI SATO                                 19032019BRL000000000000000000000000043557438444354000079     190320190000000000435579999969598          00000000005353037936            0BD        
3410001300008A00000034107428 000000022906 1COMERCIAL RODRIGUES LTDA                          19032019BRL000000000000000000000000090103438444354000087     190320190000000000901039999960584          00000019714465000132            0BD        
3410001300009A00000034108290 000000030631 8ROILSON SILVA OLIVEIRA ME                         19032019BRL000000000000000000000000061161438444354000095     190320190000000000611619999949831          00000017809829000132            0BD        
3410001300010A00000034108109 000000027552 2TANNER CEZAR CINTRA                               19032019BRL000000000000000000000000067693438444354000103     190320190000000000676939999942776          00000015074817000181            0BD        
3410001300011A00000034108263 000000036651 3VALQUIRIA F SILVA COLCHOES ME                     19032019BRL000000000000000000000000016398438444354000111     190320190000000000163989999963538          00000023494094000106            0BD        
34100015         000013000000000000849380000000000000000000                                                                                                                                                                                     
34100021C2041080 212244595000100                    08616 000000019914 0ISPCN ADMINISTRACAO DE TITULOS                                        AV. MAL. FLORIANO PEIXOTO     306                 CURITIBA            80010130PR                  
3410002300001A00000010400812 000000002560 6ELY TRATORES  HIDRAULICOS LTD                     19032019BRL003603050000000000000000690039838101126000011     190320190000000006900399999955930          10487817359132000107            0BD        
3410002300002A00000000106657 000000009937 6JOSE ALECIO TORRICELLI                            19032019BRL000000000000000000000000718313838101126000029     190320190000000007183139999940192          10487900071655395815            0BD        
3410002300003A00000000103263 000000051258 3RAFFENCAR COMERCIO DE VEICULOS                    19032019BRL000000000000000000000000732609838101126000037     190320190000000007326099999970171          10488010428791000109            0BD        
34100025         000005000000000002140961000000000000000000                                                                                                                                                                                     
34100031C2003080 212244595000100                    08616 000000019914 0ISPCN ADMINISTRACAO DE TITULOS                                        AV. MAL. FLORIANO PEIXOTO     306                 CURITIBA            80010130PR                  
3410003300001A00000010403522 000000020781 5ANDRE DILSON AGUIAR                               19032019BRL000000000000000000000000275081838101127000010     190320190000000002750819999963156          50904800001664693947            0BD        
3410003300002A00000000102960 000000025530 0ANDREA DE OLIVEIRA GOMES TELES                    19032019BRL000000000000000000000000033505838101127000028     190320190000000000335059999961338          50904911759765000207            0BD        
3410003300003A00000003300287 000013002241 4ANDRIS MARCOS BARBOSA DOS REIS                    19032019BRL000000000000000000000000063381838101127000036     190320190000000000633819999945732          50905007467990000111            0BD        
3410003300004A00000010400385 000000001674 7AUTO MECANICA DO JUNIOR LTDA                      19032019BRL000000000000000000000000020452838101127000044     190320190000000000204529999951864          50905112470120000131            0BD        
3410003300005A00000010404373 000000000938 0CAR TEC PECAS E SERVICOS                          19032019BRL000000000000000000000000039885838101127000051     190320190000000000398859999971748          50905226979113000174            0BD        
3410003300006A00000010401228 000000001643 5CARRACCI MOVEIS E COLCHOES ME                     19032019BRL000000000000000000000000019741838101127000069     190320190000000000197419999958860          50905321092386000189            0BD        
3410003300007A00000010402864 000000002229 0CARVALHO E LIMA SERVICOS DE SE                    19032019BRL000000000000000000000000104495838101127000077     190320190000000001044959999966421          50905422066516000171            0BD        
3410003300008A00000010403342 000000025389 4CLEVERSON RODRIGUES DE ALMEIDA                    19032019BRL000000000000000000000000004625838101127000085     190320190000000000046259999972446          50905500005230346957            0BD        
3410003300009A00000003302189 000013001772 3CLINICA ODONTOLOGICA PERSONAL                     19032019BRL000000000000000000000000071900838101127000093     190320190000000000719009999946619          50905607188465000167            0BD        
3410003300010A00000004100036 000061035390 1DBAYRES COMERCIO E REPRESENTAC                    19032019BRL000000000000000000000000026520838101127000101     190320190000000000265209999963240          50905707391379000157            0BD        
3410003300011A00000003304646 000013001937 0ECOPARQUE RECANTO SERTANEJO LT                    19032019BRL000000000000000000000000079414838101127000119     190320190000000000794149999969537          50905811071567000175            0BD        
3410003300012A00000010401266 000000044638 8EDUARDO DA SILVA PORTO                            19032019BRL000000000000000000000000032167838101127000127     190320190000000000321679999972056          50905900065823397887            0BD        
3410003300013A00000000100869 000000004190 4ENEDINA MARIA DA SILVA                            19032019BRL000000000000000000000000008666838101127000135     190320190000000000086669999958217          50906004109624000100            0BD        
3410003300014A00000000101467 000000034857 0FABIO DE SOUZA CHINCOVIAKI                        19032019BRL000000000000000000000000102456838101127000143     190320190000000001024569999970959          50906109605370000127            0BD        
3410003300015A00000000100046 000000036918 7GABRIEL SILVA DO ESPIRITO SANT                    19032019BRL000000000000000000000000182997838101127000150     190320190000000001829979999963745          50906223716290000170            0BD        
3410003300016A00000003302044 000013000845 1GEYSA VIEIRA DE SOUZA DE MEDEI                    19032019BRL000000000000000000000000039134838101127000168     190320190000000000391349999971077          50906318714528000198            0BD        
3410003300017A00000004100219 000358501220 5GISELE KRAUZE ZACHER                              19032019BRL000000000000000000000000006925838101127000176     190320190000000000069259999969332          50906400000432729089            0BD        
3410003300018A00000003304408 000013002111 7H S LEITE SALES ME                                19032019BRL000000000000000000000000010085838101127000184     190320190000000000100859999944282          50906501962577000147            0BD        
3410003300019A00000010400406 000000005688 1HABIB ASSUNAO DIAS ME                             19032019BRL000000000000000000000000272959838101127000192     190320190000000002729599999965318          50906612003367000148            0BD        
3410003300020A00000003301258 000001003404 6ISABELE FRANTESKA PIROGA GOAL                     19032019BRL000000000000000000000000086525838101127000200     190320190000000000865259999973347          50906700003182368931            0BD        
3410003300021A00000003301236 000013000021 5JARFAS AUTO PEAS LTDA.                            19032019BRL000000000000000000000000018275838101127000218     190320190000000000182759999965978          50906801966607000193            0BD        
3410003300022A00000010403557 000000000648 5JEFFERSON COELHO ALVES                            19032019BRL000000000000000000000000082243838101127000226     190320190000000000822439999940729          50906912402115000191            0BD        
3410003300023A00000000103020 000000033276 3JEFFERSON GAUCZINSKI LOPES                        19032019BRL000000000000000000000000162990838101127000234     190320190000000001629909999968363          50907000000409577995            0BD        
3410003300024A00000010402975 000000000270 2JOAO GERALDO STROZZI                              19032019BRL000000000000000000000000020839838101127000242     190320190000000000208399999969982          50907126337299000168            0BD        
3410003300025A00000003301553 000013000203 1JOAO PAULO BRUSTOLIN                              19032019BRL000000000000000000000000044282838101127000259     190320190000000000442829999958037          50907212727944000144            0BD        
3410003300026A00000075604368 000000121140 4JOLMAR MENDES NICOLA                              19032019BRL000000000000000000000000026368838101127000267     190320190000000000263689999969146          50907300032168195900            0BD        
3410003300027A00000010400346 000000000568 8JOSE ALEXANDRE DE ANDRADE DEPO                    19032019BRL000000000000000000000000038835838101127000275     190320190000000000388359999964290          50907407741104000104            0BD        
3410003300028A00000010403510 001300001394 6JOSE ELIAS LOPES                                  19032019BRL000000000000000000000000059390838101127000283     190320190000000000593909999955161          50907500002849088943            0BD        
3410003300029A00000000103500 000000025010 4LIANA S ANDRADE ME                                19032019BRL000000000000000000000000049629838101127000291     190320190000000000496299999962914          50907608473649000131            0BD        
3410003300030A00000010401316 001300005216 0MARCELO RICARDO DOS ANJOS                         19032019BRL000000000000000000000000052620838101127000309     190320190000000000526209999967350          50907700003277609901            0BD        
3410003300031A00000000100628 000000005666 9MARLI DA SILVA GUIMARAES                          19032019BRL000000000000000000000000114650838101127000317     190320190000000001146509999950951          50907800027835820072            0BD        
3410003300032A00000010401633 000000029985 8MARLON CEZAR MANFRON                              19032019BRL000000000000000000000000033829838101127000325     190320190000000000338299999972085          50907900003257768907            0BD        
3410003300033A00000000103273 000000039933 7NATALICIO ERMINIO ROSA                            19032019BRL000000000000000000000000027621838101127000333     190320190000000000276219999971798          50908000040208974920            0BD        
3410003300034A00000010400644 000000004127 7R E K COMERCIO DE PRODUTOS OPT                    19032019BRL000000000000000000000000195565838101127000341     190320190000000001955659999953894          50908116898505000155            0BD        
3410003300035A00000000101430 000000035161 0RENLING E ILHA COM E LOL VEICU                    19032019BRL000000000000000000000000138386838101127000358     190320190000000001383869999951956          50908211926106000137            0BD        
3410003300036A00000003304008 000013001891 7ROILSON SILVA OLIVEIRA ME                         19032019BRL000000000000000000000000081523838101127000366     190320190000000000815239999964165          50908317809829000213            0BD        
3410003300037A00000000100768 000000027666 9SAULO FRANCISCO DE CASTILHO ME                    19032019BRL000000000000000000000000397094838101127000374     190320190000000003970949999970504          50908407052729000150            0BD        
3410003300038A00000010403001 000000000985 5SOLON DE SOUSA RIBEIRO                            19032019BRL000000000000000000000000055686838101127000382     190320190000000000556869999965442          50908508769438000140            0BD        
3410003300039A00000000103051 000000014236 0TESTE                                             19032019BRL000000000000000000000000061564838101127000390     1903201900000000006156499999764            00000006833893000139            0RJCI      
3410003300040A00000000104231 000000009579 6VALQRENE NADIJA SERPA BOMFIM M                    19032019BRL000000000000000000000000008525838101127000408     190320190000000000085259999934627          50908601758237000107            0BD        
3410003300041A00000000100773 000000019465 4VITOR JOSE PINHEIRO E CIA LTDA                    19032019BRL000000000000000000000000073677838101127000416     190320190000000000736779999939249          50908700307078000153            0BD        
3410003300042A00000010400425 001300150666 0VIVIANA GONCALVES BROGNI                          19032019BRL000000000000000000000000064363838101127000424     190320190000000000643639999960319          50908800005761722941            0BD        
34100035         000044000000000003288867000000000000000000                                                                                                                                                                                     
34199999         000003000064000000                                                                                                                                                                                                             
