34100000      080208745918000171          000110501 03833 000000063310 4     WC SIST EQUIP INFORMATICABANCO ITAU S/A                          22703201912465100037108006250                                                                     
34100011C2001080 208745918000171                    03833 000000063310 4     WC SIST EQUIP INFORMATICA                                        AV. CANDIDO DE ABREU          70                  CURITIBA            80530000PR                  
3410001300001A00000034100109 000000090984 6ATUAL S E A E R D C LTDA                          27032019BRL000000000000000000000000108739238307883000013     270320190000000001087399999928             00000011324664000122            0BD        
3410001300002A00000034103247 000000022327 8DINA DOS SANTOS VIANA                             27032019BRL000000000000000000000000191058238307883000021     2703201900000000019105899999128            00000000000047298030            0BD        
34100015         000004000000000000299797000000000000000000                                                                                                                                                                                     
34100021C2003080 208745918000171                    03833 000000063310 4     WC SIST EQUIP INFORMATICA                                        AV. CANDIDO DE ABREU          70                  CURITIBA            80530000PR                  
3410002300001A00000000105878 000000005328 7ATUAL SOLUCOES EM ANALISE E RE                    27032019BRL000000000000000000000000305409238307884000012     270320190000000003054099999911             51853411324664000122            0BD        
3410002300002A00000000105878 000000005328 7ATUAL SOLUCOES EM ANALISE E RE                    27032019BRL000000000000000000000000054801238307884000020     270320190000000000548019999912             51853511324664000122            0BD        
3410002300003A00000000105878 000000005328 7ATUAL SOLUCOES EM ANALISE E RE                    27032019BRL000000000000000000000000015803238307884000038     270320190000000000158039999925             51853711324664000122            0BD        
34100025         000005000000000000376013000000000000000000                                                                                                                                                                                     
34199999         000002000011000000                                                                                                                                                                                                             
