34100000      080212244595000100                    08616 000000019914 0ISPCN ADMINISTRACAO DE TITULOSBANCO ITAU S/A                          22803201903111901040608006250                                                                     
34100011C2001080 212244595000100                    08616 000000019914 0ISPCN ADMINISTRACAO DE TITULOS                                        AV. MAL. FLORIANO PEIXOTO     306                 CURITIBA            80010130PR                  
3410001300001A00000034103835 000000065830 7ALEXANDRE MARCOS 06865277988                      27032019BRL000000000000000000000000037557238307868000012     270320190000000000375579999971512          00000013098007000130            000        
3410001300002A00000034100363 000000005583 1ANDRE W D D A 70764864408                         27032019BRL000000000000000000000000152532238307868000020     270320190000000001525329999964056          00000023995861000152            000        
3410001300003A00000034107454 000000018282 0DRIVE AUTO CENTER LTDA ME                         27032019BRL000000000000000000000000022739238307868000038     270320190000000000227399999959754          00000021107345000119            000        
3410001300004A00000034104387 000000008436 3LUCIO NUNES MELO-ME                               27032019BRL000000000000000000000000013828238307868000046     270320190000000000138289999929291          00000002153264000100            000        
3410001300005A00000034108290 000000036273 3M DAS DORES A ARAUJO ME                           27032019BRL000000000000000000000000017354238307868000053     270320190000000000173549999961781          00000002630279000112            000        
3410001300006A00000034108613 000000026249 5MARCOS ALBINO VIDAL                               27032019BRL000000000000000000000000017495238307868000061     270320190000000000174959999939990          00000000003815291933            000        
3410001300007A00000034103706 000000035957 1MARCOS KENJI SATO                                 27032019BRL000000000000000000000000250100238307868000079     270320190000000002501009999969598          00000000005353037936            000        
3410001300008A00000034102929 000000082418 9MONICA NUNES DO PACO - ME                         27032019BRL000000000000000000000000062410238307868000087     270320190000000000624109999972397          00000000075258579972            000        
3410001300009A00000034108488 000000030145 1OLIVEIRA E GRUNOWE LTDA ME                        27032019BRL000000000000000000000000004918238307868000095     270320190000000000049189999967248          00000012415620000170            000        
3410001300010A00000034108116 000000006886 0PARAHIBA MEC VEICULOS LTDA ME                     27032019BRL000000000000000000000000091789238307868000103     270320190000000000917899999950689          00000000620075000175            000        
3410001300011A00000034107473 000000032540 0RESTAURANTE L C S L ME                            27032019BRL000000000000000000000000009305238307868000111     270320190000000000093059999967047          00000022788104000145            000        
3410001300012A00000034107428 000000022906 1COMERCIAL RODRIGUES LTDA                          27032019BRL000000000000000000000000075216238307868000129     270320190000000000752169999960584          00000019714465000132            000        
3410001300013A00000034108290 000000030631 8ROILSON SILVA OLIVEIRA ME                         27032019BRL000000000000000000000000006088238307868000137     270320190000000000060889999949831          00000017809829000132            000        
3410001300014A00000034100879 000000009602 2ROSICLEY CAMILO                                   27032019BRL000000000000000000000000018275238307868000145     270320190000000000182759999973416          00000000083085408991            000        
3410001300015A00000034108109 000000027552 2TANNER CEZAR CINTRA                               27032019BRL000000000000000000000000116322238307868000152     270320190000000001163229999942776          00000015074817000181            000        
34100015         000017000000000000895928000000000000000000                                                                                                                                                                                     
34100021C2041080 212244595000100                    08616 000000019914 0ISPCN ADMINISTRACAO DE TITULOS                                        AV. MAL. FLORIANO PEIXOTO     306                 CURITIBA            80010130PR                  
3410002300001A00000000106657 000000009937 6JOSE ALECIO TORRICELLI                            27032019BRL000000000000000000000000890888238307869000011     270320190000000008908889999940192          16124600071655395815            000        
34100025         000003000000000000890888000000000000000000                                                                                                                                                                                     
34100031C2003080 212244595000100                    08616 000000019914 0ISPCN ADMINISTRACAO DE TITULOS                                        AV. MAL. FLORIANO PEIXOTO     306                 CURITIBA            80010130PR                  
3410003300001A00000010403557 001300012089 7ANDERSON ROCHA                                    27032019BRL000000000000000000000000012766238307870000018     270320190000000000127669999968839          51848100006125405966            000        
3410003300002A00000010403522 000000020781 5ANDRE DILSON AGUIAR                               27032019BRL000000000000000000000000191207238307870000026     270320190000000001912079999963156          51848200001664693947            000        
3410003300003A00000003300287 000013002241 4ANDRIS MARCOS BARBOSA DOS REIS                    27032019BRL000000000000000000000000019513238307870000034     270320190000000000195139999945732          51848307467990000111            000        
3410003300004A00000010404373 000000000938 0CAR TEC PECAS E SERVICOS                          27032019BRL000000000000000000000000087331238307870000042     270320190000000000873319999971748          51848426979113000174            000        
3410003300005A00000010402864 000000002229 0CARVALHO E LIMA SERVICOS DE SE                    27032019BRL000000000000000000000000073342238307870000059     270320190000000000733429999966421          51848522066516000171            000        
3410003300006A00000000100630 000000014137 2CHRISTIANO DE ALENCAR SIEBRA                      27032019BRL000000000000000000000000016070238307870000067     270320190000000000160709999972146          51848600003260702903            000        
3410003300007A00000010403509 000000001483 4CLINICA ODONTOLOGIA ESPECIALIZ                    27032019BRL000000000000000000000000028630238307870000075     270320190000000000286309999971033          51848719613552000101            000        
3410003300008A00000004100036 000061035390 1DBAYRES COMERCIO E REPRESENTAC                    27032019BRL000000000000000000000000246929238307870000083     270320190000000002469299999963240          51848807391379000157            000        
3410003300009A00000003304646 000013001937 0ECOPARQUE RECANTO SERTANEJO LT                    27032019BRL000000000000000000000000041947238307870000091     270320190000000000419479999969537          51848911071567000175            000        
3410003300010A00000010400812 000000002560 6ELY TRATORES  HIDRAULICOS LTD                     27032019BRL000000000000000000000000424807238307870000109     270320190000000004248079999955930          51849017359132000107            000        
3410003300011A00000000100869 000000004190 4ENEDINA MARIA DA SILVA                            27032019BRL000000000000000000000000012301238307870000117     270320190000000000123019999958217          51849204109624000100            000        
3410003300012A00000000101467 000000034857 0FABIO DE SOUZA CHINCOVIAKI                        27032019BRL000000000000000000000000036088238307870000125     270320190000000000360889999970959          51849309605370000127            000        
3410003300013A00000003301258 000013000338 2FABRIKA DO UNIFORME LTDA                          27032019BRL000000000000000000000000069012238307870000133     270320190000000000690129999971662          51849414403616000118            000        
3410003300014A00000010400384 000000002340 3FERNANDO JACINTO ME                               27032019BRL000000000000000000000000030658238307870000141     270320190000000000306589999952967          51849617397133000146            000        
3410003300015A00000000100046 000000036918 7GABRIEL SILVA DO ESPIRITO SANT                    27032019BRL000000000000000000000000022438238307870000158     270320190000000000224389999963745          51850123716290000170            000        
3410003300016A00000008500725 000000058295 6GERVANO DE MORAES                                 27032019BRL000000000000000000000000007150238307870000166     270320190000000000071509999972510          51850226660615000138            000        
3410003300017A00000003302044 000013000845 1GEYSA VIEIRA DE SOUZA DE MEDEI                    27032019BRL000000000000000000000000023218238307870000174     270320190000000000232189999971077          51850318714528000198            000        
3410003300018A00000003300816 000013000690 8GHNA CONFECCOES EIRELI                            27032019BRL000000000000000000000000131354238307870000182     270320190000000001313549999968249          51850626210865000176            000        
3410003300019A00000004100219 000358501220 5GISELE KRAUZE ZACHER                              27032019BRL000000000000000000000000060807238307870000190     270320190000000000608079999969332          51850700000432729089            000        
3410003300020A00000010400406 000000005688 1HABIB ASSUNCAO DIAS ME                            27032019BRL000000000000000000000000211776238307870000208     270320190000000002117769999965318          51850812003367000148            000        
3410003300021A00000010404167 000000604739 6JAMES TEIXEIRA SOBRINHO                           27032019BRL000000000000000000000000016033238307870000216     270320190000000000160339999944111          51850900071638113149            000        
3410003300022A00000010403557 000000000648 5JEFFERSON COELHO ALVES                            27032019BRL000000000000000000000000113794238307870000224     270320190000000001137949999940729          51851012402115000191            000        
3410003300023A00000075604368 000000121140 4JOLMAR MENDES NICOLA                              27032019BRL000000000000000000000000031048238307870000232     270320190000000000310489999969146          51851100032168195900            000        
3410003300024A00000010400346 000000000568 8JOSE ALEXANDRE DE ANDRADE DEPO                    27032019BRL000000000000000000000000026075238307870000240     270320190000000000260759999964290          51851207741104000104            000        
3410003300025A00000074800725 000000061975 2JUCELENE DA SILVA ROSSA                           27032019BRL000000000000000000000000035535238307870000257     270320190000000000355359999973042          51851329940828000101            000        
3410003300026A00000000103500 000000025010 4LIANA S ANDRADE ME                                27032019BRL000000000000000000000000003815238307870000265     270320190000000000038159999962914          51851408473649000131            000        
3410003300027A00000010401316 001300005216 0MARCELO RICARDO DOS ANJOS                         27032019BRL000000000000000000000000011149238307870000273     270320190000000000111499999967350          51851500003277609901            000        
3410003300028A00000003300968 000013001569 6OZEIAS DE DEUS DOS SANTOS                         27032019BRL000000000000000000000000021298238307870000281     270320190000000000212989999972701          51851827832888000185            000        
3410003300029A00000000101235 000000139397 9PREV ORAL ODONTOLOGIA LTD                         27032019BRL000000000000000000000000028513238307870000299     270320190000000000285139999926864          51852018350433000132            000        
3410003300030A00000010400644 000000004127 7R E K COMERCIO DE PRODUTOS OPT                    27032019BRL000000000000000000000000133285238307870000307     270320190000000001332859999953894          51852116898505000155            000        
3410003300031A00000000103263 000000051258 3RAFFENCAR COMERCIO DE VEICULOS                    27032019BRL000000000000000000000000260954238307870000315     270320190000000002609549999970171          51852210428791000109            000        
3410003300032A00000000104409 000000013408 2RAIMUNDO JOSE LOPES DE SOUSA                      27032019BRL000000000000000000000000010540238307870000323     270320190000000000105409999962749          51852300041295293315            000        
3410003300033A00000000101430 000000035161 0RENLING E ILHA COM E LOL VEICU                    27032019BRL000000000000000000000000028130238307870000331     270320190000000000281309999951956          51852411926106000137            000        
3410003300034A00000003304008 000013001891 7ROILSON SILVA OLIVEIRA ME                         27032019BRL000000000000000000000000026845238307870000349     270320190000000000268459999964165          51852517809829000213            000        
3410003300035A00000010403001 000000000985 5SOLON DE SOUSA RIBEIRO                            27032019BRL000000000000000000000000018275238307870000356     270320190000000000182759999965442          51852608769438000140            000        
3410003300036A00000000104231 000000009579 6VALQRENE NADIJA SERPA BOMFIM M                    27032019BRL000000000000000000000000008843238307870000372     270320190000000000088439999934627          51852701758237000107            000        
3410003300037A00000000100773 000000019465 4VITOR JOSE PINHEIRO E CIA LTDA                    27032019BRL000000000000000000000000051900238307870000380     270320190000000000519009999939249          51852800307078000153            000        
3410003300038A00000010403068 001300014553 0WANDER APARECIDO SATURNINO                        27032019BRL000000000000000000000000291275238307870000398     270320190000000002912759999961767          51852900061920509968            000        
3410003300039A00000003300968 000013000587 9ZOE BURGER LTDA                                   27032019BRL000000000000000000000000404180238307870000406     270320190000000004041809999970856          51853022478649000155            000        
34100035         000041000000000003268831000000000000000000                                                                                                                                                                                     
34199999         000003000063000000                                                                                                                                                                                                             
