01REMESSA01COBRANCA       00000000000004852239ISPCN                         237BRADESCO       200319        MX0003084                                                                                                                                                                                                                                                                                     000001
100000 000000000000 00090345100325490REGTIT30841375553810     0002020000005987010900000000002N           2  02000598701015031900000000210000000000099N090319000000000000000140000000000000000000000000000000000000000000000100037564791888TAINA KRYSIA G TEIXEIRA                 OSORIO DUQUE ESTRADA, 647 JD BATIGIM SBO            13450000                                                            000002
100000 000000000000 00090345100325490REGTIT30841689289977     0002020000005939031P00000000002N           2  02000593903106031900000000300000000000099N250918000000000000000200000000000000000000000000000000000000000000000100009993020869BEATRIZ ROCHA                           ARGEMIRO CAMARGO PEDROSO, 1842 JARDIM SA            13457132                                                            000003
100000 000000000000 00090345100325490REGTIT30841815591032     0002020000005994178200000000002N           2  01000599417802041900000001198000000000099N200319000000000000002000000000000000000000000000000000000000000000000212608498000159ALDACIR CORREA COMERCIO DE GENEROS ALIMERIO TEJO, 1190 IGUACU FAZENDA RIO GRANDE            83833163                                                            000004
100000 000000000000 00090345100325490REGTIT30841953551082     0002020000005978965400000000002N           2  02000597896520031900000000290000000000099N070219000000000000000190000000000000000000000000000000000000000000000100063105993215DELMANA FIGUEIREDO DAS NEVES            VILA DOS INOCENTES, 160 CAMPINA DE ICOAR            66813175                                                            000005
100000 000000000000 00090345100325490REGTIT30842410532587     0002020000005902059800000000002N           2  02000590205915031900000000330000000000099N070618000000000000000220000000000000000000000000000000000000000000000100037564791888TAINA KRYSIA G TEIXEIRA                 OSORIO DUQUE ESTRADA, 647 JD BATIGIM SBO            13450000                                                            000006
100000 000000000000 00090345100325490REGTIT30842575928212     0002020000005978228500000000002N           2  02000597822830031900000000110000000000099N010219000000000000000070000000000000000000000000000000000000000000000100024683981220MARIA RUTHPALHA DE OLIVEIRA             CORONEL JUVENCIO SARMENTO, 965 CASA DOS             66810080                                                            000007
100000 000000000000 00090345100325490REGTIT30842682760900     0002020000005949493P00000000002N           2  02000594949328021900000000140000000000099N271018000000000000000090000000000000000000000000000000000000000000000100071065599463IRIS RAIANE SILVA DIAS                  LOT T2117, S|N PROJETO MARIA TEREZA  PET            56300000                                                            000008
100000 000000000000 00090345100325490REGTIT30842857143286     0002020000005994217700000000002N           2  01000599421705041900000000320000000000099N200319000000000000000210000000000000000000000000000000000000000000000100034061916149CLARIZAN MARTINS FERREIRA               QUADRA 8 LT 26 AGUAS BONITA 2, 26 26 AGU            72914445                                                            000009
100000 000000000000 00090345100325490REGTIT30843052051203     0002020000005968430500000000002N           2  02000596843015031900000000034690000000099N221218000000000000000020000000000000000000000000000000000000000000000100011815988932RAPHAELA DOS SANTOS CAVICHIO            CAMPO GRANDE, 1131 CENTRO OURIZONA PR               87170000                                                            000010
100000 000000000000 00090345100325490REGTIT30843303097511     0002020000005949014400000000002N           2  02000594901419021900000000075000000000099N251018000000000000000050000000000000000000000000000000000000000000000100086567926449SUZANA REGINA DA SILVA                  RUA: 05, 115 JARDIM PETROPOLIS PETROLINA            56300000                                                            000011
100000 000000000000 00090345100325490REGTIT30843479793253     0002020000005900251400000000002N           2  02000590025128021900000000085000000000099N290518000000000000000060000000000000000000000000000000000000000000000100002160796409GRACIANE PEREIRA DE ARAUJO              RUA:JADE, N:570 PEDRA LINDA PETROLINA PE            56300000                                                            000012
100000 000000000000 00090345100325490REGTIT30844023384327     0002020000005937601500000000002N           2  02000593760115031900000000065000000000099N150918000000000000000040000000000000000000000000000000000000000000000100094391319420HELONICE COSTA DE SOUZA                 POVOADO PONTA DA SERRA, 40 PONTA DA SERR            00000000                                                            000013
100000 000000000000 00090345100325490REGTIT30844243765854     0002020000005994214200000000002N           2  01000599421420041900000001399980000000099N200319000000000000000930000000000000000000000000000000000000000000000100046409047894THIAGO BERNARDES DA SILVA               ANTONIO VELASCO, 336 PARQUE REGINA SAO P            05772090                                                            000014
100000 000000000000 00090345100325490REGTIT30844297974626     0002020000005994216900000000002N           2  01000599421620041900000003500040000000099N200319000000000000002330000000000000000000000000000000000000000000000100006182901500THAIRONE SANTOS LOPES                   ATUCUPE, 253 JARDIM LEONIDAS MOREIRA SAO            05792050                                                            000015
100000 000000000000 00090345100325490REGTIT30844489937333     0002020000005969012700000000002N           2  02000596901215031900000000199000000000099N281218000000000000000130000000000000000000000000000000000000000000000100047498276810ORNELLA DE BRITO NARDINI                RUTH GARRIDO ROQUE, 1014 PARQUE RESIDENC            13458620                                                            000016
100000 000000000000 00090345100325490REGTIT30844503948171     0002020000005957526300000000002N           2  02000595752616031900000000125000000000099N171118000000000000000080000000000000000000000000000000000000000000000100004579718518ISRAEL DOS SANTOS SOUZA                 RUA 13, 03 PROJETO N5 PETROLINA PE                  56300000                                                            000017
100000 000000000000 00090345100325490REGTIT30844782530984     0002020000005950676800000000002N           2  02000595067605031900000000100000000000099N061118000000000000000070000000000000000000000000000000000000000000000100000034848401ROZILDA SOUZA DOS SANTOS                RUA A, 04 AGROVILA MASSANGANO  PETROLINA            56300000                                                            000018
100000 000000000000 00090345100325490REGTIT30845134985513     0002020000005975375700000000002N           2  02000597537515031900000000250000000000099N110119000000000000000170000000000000000000000000000000000000000000000100067851541387EDILZA VIEIRA DE SOUZA                  IRMAOS SORANGO, 396 RUA FRANKLIN DE MENE            66840395                                                            000019
100000 000000000000 00090345100325490REGTIT30845555870893     0002020000005987233000000000002N           2  02000598723310041900000000130000000000099N110319000000000000000090000000000000000000000000000000000000000000000100030877682860NOEMI SANCHES                           JOSÉ LUIS COVOLAN, 328 RESIDENCIAL FURLA            13450000                                                            000020
100000 000000000000 00090345100325490REGTIT30845603064215     0002020000005957522000000000002N           2  02000595752210031900000000100000000000099N171118000000000000000070000000000000000000000000000000000000000000000100009910385414JEFFERSON CLEITON SOUZA DE AMORIM       RUA JOSE GINIVALDO NASCIMENTO, 70 JOAO D            56300000                                                            000021
100000 000000000000 00090345100325490REGTIT30846155200000     0002020000005968417800000000002N           2  02000596841715031900000000185000000000099N211218000000000000000120000000000000000000000000000000000000000000000100040157008215MARIA IZABEL MONTEIRO SOEIRO            BACURIZINHO (SALVATERRA), 000 MARAJO  BE            66886000                                                            000022
100000 000000000000 00090345100325490REGTIT30846335918092     0002020000005994191P00000000002N           2  01000599419120041900000000045920000000099N200319000000000000000030000000000000000000000000000000000000000000000100005111393900CLAUDINEIA DOS REIS DA SILVA            FLORIANOPOLIS, 334 CASA CONJUNTO HENRIQU            87170000                                                            000023
100000 000000000000 00090345100325490REGTIT30846434514890     0002020000005976353100000000002N           2  02000597635319021900000000032800000000099N190119000000000000000020000000000000000000000000000000000000000000000100001621024962LINDIOMAR PEDRO DE OLIVEIRA             BELA VISTA, 0 CENTRO OURIZONA PR                    87100000                                                            000024
100000 000000000000 00090345100325490REGTIT30846434514890     0002020000005976354P00000000002N           2  02000597635419031900000000032800000000099N190119000000000000000020000000000000000000000000000000000000000000000100001621024962LINDIOMAR PEDRO DE OLIVEIRA             BELA VISTA, 0 CENTRO OURIZONA PR                    87100000                                                            000025
100000 000000000000 00090345100325490REGTIT30846602648906     0002020000005966549100000000002N           2  02000596654924021900000000260000000000099N111218000000000000000170000000000000000000000000000000000000000000000100026631797870ELIZANGELA BASTOS                       IGNACIO PINTO DE CAMPOS, 195 APTO 23 CON            13450000                                                            000026
100000 000000000000 00090345100325490REGTIT30846604474973     0002020000005937585P00000000002N           2  02000593758515031900000000058350000000099N150918000000000000000040000000000000000000000000000000000000000000000100014853442472GENIVALDO  CORDEIRO  DOS  SANTOS        AVENIDA  MARECHAL HERMEM DA  FONSECA, N             56300000                                                            000027
100000 000000000000 00090345100325490REGTIT30846738658191     0002020000005994190100000000002N           2  01000599419004041900000000222000000000099N200319000000000000000150000000000000000000000000000000000000000000000200505279000165MERCADO EXPRESSO                        PEDRO ALVES DA ROCHA, 966 JARDIM ITALIA             83020360                                                            000028
100000 000000000000 00090345100325490REGTIT30846761487801     0002020000005994174P00000000002N           2  01000599417403041900000000238450000000099N200319000000000000000160000000000000000000000000000000000000000000000231969571000162JORGES                                  AVENIDA SAO GABRIEL, 454 LOJA 04 CAMPO P            83404000                                                            000029
100000 000000000000 00090345100325490REGTIT30846806101161     0002020000005969156500000000002N           2  02000596915628021900000000043570000000099N291218000000000000000030000000000000000000000000000000000000000000000100005722603937SALETE BARBOSA DA SILVA                 CAMPO GRANDE, 1 CASA CJ VOLPATO  OURIZON            87170000                                                            000030
100000 000000000000 00090345100325490REGTIT30847208957568     0002020000005994211800000000002N           2  01000599421103041900000000257000000000099N200319000000000000000170000000000000000000000000000000000000000000000208195565000183MERCADO DOURADOS(JULIO)                 AV.ANTONIO NUNES DA ROCHA, 380 RIO PEQUE            83070020                                                            000031
100000 000000000000 00090345100325490REGTIT30847208957568     0002020000005994212600000000002N           2  01000599421218041900000000257000000000099N200319000000000000000170000000000000000000000000000000000000000000000208195565000183MERCADO DOURADOS(JULIO)                 AV.ANTONIO NUNES DA ROCHA, 380 RIO PEQUE            83070020                                                            000032
100000 000000000000 00090345100325490REGTIT30847614407738     0002020000005948600700000000002N           2  02000594860017031900000000075000000000099N231018000000000000000050000000000000000000000000000000000000000000000100004296975463HELENO BENICIO DE LIMA                  RUA: 05, 21 PROJETO N 03 PETROLINA PE               56300000                                                            000033
100000 000000000000 00090345100325490REGTIT30847635396346     0002020000005938858700000000002N           2  02000593885818031900000000060000000000099N240918000000000000000040000000000000000000000000000000000000000000000100001141986400COSMA  MARIA  NOGUEIRA  ADOLFINO        RUA  TIRADENTES, N 136 VILA  EDUARDO PET            56300000                                                            000034
100000 000000000000 00090345100325490REGTIT30847654850197     0002020000005994196000000000002N           2  01000599419620041900000000200000000000099N200319000000000000000130000000000000000000000000000000000000000000000100007899078792ANTONIO CARLOS RIBEIRO CORREIA          ES.SANTAMAVRA, 170 CASA CURUCICA RIO DE             22780170                                                            000035
100000 000000000000 00090345100325490REGTIT30848034560100     0002020000005994175800000000002N           2  01000599417505041900000000080000000000099N200319000000000000000050000000000000000000000000000000000000000000000100055264140944CARLOS ADILSON LOPES                    MARECHAL OCTAVIO SALDANHA MAZZA, 8444 CA            81130220                                                            000036
100000 000000000000 00090345100325490REGTIT30848034560100     0002020000005994176600000000002N           2  01000599417605051900000000080000000000099N200319000000000000000050000000000000000000000000000000000000000000000100055264140944CARLOS ADILSON LOPES                    MARECHAL OCTAVIO SALDANHA MAZZA, 8444 CA            81130220                                                            000037
100000 000000000000 00090345100325490REGTIT30848295524927     0002020000005994208800000000002N           2  01000599420822031900000001359780000000099N200319000000000000000910000000000000000000000000000000000000000000000229495703000110ANDERSON NICOLAS SCHEEFFER JUNIOR       RUA RUI BARBOSA,, 138 CENTRO TUBARAO SC             07777584                                                            000038
100000 000000000000 00090345100325490REGTIT30848586821812     0002020000005994179000000000002N           2  01000599417920031900000000010000000000099N200319000000000000000010000000000000000000000000000000000000000000000100001168366100ALICE                                   QUADRA 103 LOTE 17 LOJA 01, 18 SAMAMBAIA            72322816                                                            000039
100000 000000000000 00090345100325490REGTIT30848781634362     0002020000005959439P00000000002N           2  02000595943926031900000000197500000000099N291118000000000000000130000000000000000000000000000000000000000000000100074800434491JOSÉ DOS ANJOS SANTOS                   SITIO MUDUBIM, S|N PROX A CRUZ DE SALINA            00000000                                                            000040
100000 000000000000 00090345100325490REGTIT30848844029601     0002020000005957795900000000002N           2  02000595779520021900000000035800000000099N201118000000000000000020000000000000000000000000000000000000000000000100005722603937SALETE BARBOSA DA SILVA                 CAMPO GRANDE, 1 CASA CJ VOLPATO  OURIZON            87170000                                                            000041
100000 000000000000 00090345100325490REGTIT30849955501378     0002020000005957726600000000002N           2  02000595772605031900000000211130000000099N191118000000000000000140000000000000000000000000000000000000000000000100084515635468EULINA DE ARAUJO BARROS                 RUA 01, 313 N3 PETROLINA PE                         56300000                                                            000042
9                                                                                                                                                                                                                                                                                                                                                                                                         000043