01REMESSA01COBRANCA       00000000000004852239ISPCN                         237BRADESCO       280319        MX0003141                                                                                                                                                                                                                                                                                     000001
100000 000000000000 00090345100325490REGTIT31411612180512     0002020000005898631600000000002N           2  02000589863118031900000000110000000000099N210518000000000000000070000000000000000000000000000000000000000000000100002699919489FRANCISCO DE JESUS NASCIMENTO           10, 45 SÃO JORGE PETROLINA PE                       56300000                                                            000002
100000 000000000000 00090345100325490REGTIT31412179426844     0002020000005995943600000000002N           2  01000599594315041900000000170000000000099N280319000000000000000110000000000000000000000000000000000000000000000100003303031983ADMILSON MARRONI                        AV. MAL DEODORO, 2812 BAIRRO ALTO CURITI            82820110                                                            000003
100000 000000000000 00090345100325490REGTIT31412249112480     0002020000005995951700000000002N           2  01000599595128041900000003000000000000099N280319000000000000002000000000000000000000000000000000000000000000000100022446501893LAERCIO PERINOTTO GONCALVES             RUA ERNESTO CAPELARI, 251, PARQUE SANTOS            06754060                                                            000004
100000 000000000000 00090345100325490REGTIT31412285771104     0002020000005986295500000000002N           2  02000598629505041900000000052230000000099N280219000000000000000030000000000000000000000000000000000000000000000100097167584991CECILIA BEATRIZ SABINO BASTOS           ARITA, 330 CENTRO OURIZONA PR                       87170000                                                            000005
100000 000000000000 00090345100325490REGTIT31412456045605     0002020000005995949500000000002N           2  01000599594928041900000003500000000000099N280319000000000000002330000000000000000000000000000000000000000000000100037934653816DEBORAH NUNES SILVA                     RUA GASPAR COQUEIRO, 630 JARDIM PIRACUAM            05763390                                                            000006
100000 000000000000 00090345100325490REGTIT31412521177873     0002020000005995953300000000002N           2  01000599595328041900000002767000000000099N280319000000000000001840000000000000000000000000000000000000000000000100013214258800MARCELO AUGUSTO XAVIER                  RUA PRECIOSA, 42 PARQUE MONTE ALEGRE TAB            06756170                                                            000007
100000 000000000000 00090345100325490REGTIT31413027963418     0002020000005993393300000000002N           2  02000599339310041900000000348330000000099N160319000000000000000230000000000000000000000000000000000000000000000100093984642334RAIMUNDA PEREIRA SOUSA                  QUADRA 88 CONJ. A LOTE, 11 CS 18 COND SA            72925230                                                            000008
100000 000000000000 00090345100325490REGTIT31414835344764     0002020000005986292000000000002N           2  02000598629205041900000000048570000000099N280219000000000000000030000000000000000000000000000000000000000000000100003140711999ANGELA MARIA DE SOUZA ROSADA            CAMPO GRANDE, 982 CENTRO OURIZONA PR                87170000                                                            000009
100000 000000000000 00090345100325490REGTIT31415681091070     0002020000005995947900000000002N           2  01000599594728041900000002980000000000099N280319000000000000001990000000000000000000000000000000000000000000000100092232426815JOSE PEREIRA DA SILVA                   AVENIDA TURQUESA, 267 PARQUE NOVO SANTO             05874250                                                            000010
100000 000000000000 00090345100325490REGTIT31416861839729     0002020000005995957600000000002N           2  01000599595728041900000002800000000000099N280319000000000000001870000000000000000000000000000000000000000000000100036189141803TAIS SILVA BARRETO                      RUA SERRA DAS ANTAS, 857 C 2 TRES MONTAN            06278060                                                            000011
100000 000000000000 00090345100325490REGTIT31416896332113     0002020000005995945200000000002N           2  01000599594528041900000002800000000000099N280319000000000000001870000000000000000000000000000000000000000000000100036494557813CLAUDINEY DAMASCENO                     RUA FERNANDO MARINHO FALCAO, 627 PARQUE             05888080                                                            000012
100000 000000000000 00090345100325490REGTIT31417261048071     0002020000005995955P00000000002N           2  01000599595528041900000001200000000000099N280319000000000000000800000000000000000000000000000000000000000000000100030361920857CLEITON CARLOS DOS SANTOS COSTA         RUA NOSSA SENHORA DAS DORES,, 36 FD JARD            06835450                                                            000013
9                                                                                                                                                                                                                                                                                                                                                                                                         000014