01REMESSA01COBRANCA       00000000000004852239ISPCN                         237BRADESCO       260319        MX0003128                                                                                                                                                                                                                                                                                     000001
100000 000000000000 00090345100325490REGTIT31281209408976     0002020000005947942600000000002N           2  02000594794210031900000000083340000000099N181018000000000000000060000000000000000000000000000000000000000000000100007796230451AUCILENE DE PAIVA LIMA SILVA            RUA 17, 36 RIO CORRENTE  PETROLINA  PE              56300000                                                            000002
100000 000000000000 00090345100325490REGTIT31282006849451     0002020000005976812600000000002N           2  02000597681210041900000000220000000000099N220119000000000000000370000000000000000000000000000000000000000000000100071196625387JOÃO MENDES PAURÁ                       CONJUNTO BEIJA FLOR, 33 QUADRA 19 BEIJA             67200000                                                            000003
100000 000000000000 00090345100325490REGTIT31282194356260     0002020000005995684400000000002N           2  01000599568410041900000002066650000000099N260319000000000000001380000000000000000000000000000000000000000000000205692070000171MS TERRAPLENAGEM LTDA                   DA INTEGRACAO, 500 NOVO HORIZONTE BARCAR            68447000                                                            000004
100000 000000000000 00090345100325490REGTIT31283165171307     0002020000005949488300000000002N           2  02000594948826031900000000033340000000099N271018000000000000000020000000000000000000000000000000000000000000000100003051691496KEYLA CLECIA TEIXEIRA SALES             RUA PIO XII, 304 CENTRO  PETROLINA  PE              56300000                                                            000005
100000 000000000000 00090345100325490REGTIT31283339784666     0002020000005978836400000000002N           2  02000597883610031900000000037600000000099N060219000000000000000030000000000000000000000000000000000000000000000100003017134997LUCIA CRISTINA DA SILVA PERCILIANO      INDEPENDENCIA, 450 CENTRO OURIZONA PR               87170000                                                            000006
100000 000000000000 00090345100325490REGTIT31283785486688     0002020000005938017900000000002N           2  02000593801718031900000000058340000000099N190918000000000000000040000000000000000000000000000000000000000000000100002311440403IOLANDA LACERDA                         RUA ANA NERY, 190 CENTRO  PETROLINA  PE             56300000                                                            000007
100000 000000000000 00090345100325490REGTIT31283886433016     0002020000005976117200000000002N           2  02000597611717031900000000075400000000099N170119000000000000000050000000000000000000000000000000000000000000000100003017134997LUCIA CRISTINA DA SILVA PERCILIANO      INDEPENDENCIA, 450 CENTRO OURIZONA PR               87170000                                                            000008
100000 000000000000 00090345100325490REGTIT31283912186047     0002020000005976206300000000002N           2  02000597620625021900000000255550000000099N180119000000000000000170000000000000000000000000000000000000000000000100013319214810ELAINE CRISTINA CABRAL                  HERMES RIBEIRO DE FREITAS, 510 JARDIM EL            05793260                                                            000009
100000 000000000000 00090345100325490REGTIT31284635799026     0002020000005995685200000000002N           2  01000599568527031900000004200000000000099N260319000000000000002800000000000000000000000000000000000000000000000100006893584903THIAGO MENDES                           RUA ANGELO VIDAL, 69 VILA DO PRINCIPE LA            83750000                                                            000010
100000 000000000000 00090345100325490REGTIT31284635799026     0002020000005995686000000000002N           2  01000599568628031900000004200000000000099N260319000000000000002800000000000000000000000000000000000000000000000100006893584903THIAGO MENDES                           RUA ANGELO VIDAL, 69 VILA DO PRINCIPE LA            83750000                                                            000011
100000 000000000000 00090345100325490REGTIT31284635799026     0002020000005995687900000000002N           2  01000599568729031900000004200000000000099N260319000000000000002800000000000000000000000000000000000000000000000100006893584903THIAGO MENDES                           RUA ANGELO VIDAL, 69 VILA DO PRINCIPE LA            83750000                                                            000012
100000 000000000000 00090345100325490REGTIT31284635799026     0002020000005995688700000000002N           2  01000599568830031900000004200000000000099N260319000000000000002800000000000000000000000000000000000000000000000100006893584903THIAGO MENDES                           RUA ANGELO VIDAL, 69 VILA DO PRINCIPE LA            83750000                                                            000013
100000 000000000000 00090345100325490REGTIT31284928989108     0002020000005918477900000000002N           2  02000591847720031900000000220000000000099N230718000000000000000150000000000000000000000000000000000000000000000100039754382824RENAN DA SILVA FERREIRA                 CLAUDIO MANOEL DA COSTA, 867 PARQUE OLAR            13458027                                                            000014
100000 000000000000 00090345100325490REGTIT31285366252006     0002020000005986251300000000002N           2  02000598625125031900000000220000000000099N270219000000000000000150000000000000000000000000000000000000000000000100033566222852ANDRE DOS SANTOS SILVA                  AMADOR BUENO, 55 CASA DE CIMA AMADOR BUE            06680220                                                            000015
100000 000000000000 00090345100325490REGTIT31285635010744     0002020000005968963300000000002N           2  02000596896327031900000000028050000000099N271218000000000000000020000000000000000000000000000000000000000000000100004799468928EDINEIA DA SILVA                        VILA RURAL, 0 CENTRO OURIZONA PR                    87170000                                                            000016
100000 000000000000 00090345100325490REGTIT31285849431691     0002020000005947948500000000002N           2  02000594794817031900000000100000000000099N181018000000000000000070000000000000000000000000000000000000000000000100090247205400EVANITO JOAQUIM DA SILVA                AREA 21, S/N  PROJETO MARIA TEREZA  PETR            00000000                                                            000017
100000 000000000000 00090345100325490REGTIT31286109715609     0002020000005995689500000000002N           2  01000599568901041900000000725760000000099N260319000000000000000730000000000000000000000000000000000000000000000100006576483961DIEGO PEREIRA SANTOS                    RUA PADRE JOSE LOPACINSKI, 218 BLOCO 03             81280080                                                            000018
100000 000000000000 00090345100325490REGTIT31286109715609     0002020000005995690900000000002N           2  01000599569001051900000000725760000000099N260319000000000000000730000000000000000000000000000000000000000000000100006576483961DIEGO PEREIRA SANTOS                    RUA PADRE JOSE LOPACINSKI, 218 BLOCO 03             81280080                                                            000019
100000 000000000000 00090345100325490REGTIT31287060896476     0002020000005918766200000000002N           2  02000591876624031900000000500000000000099N240718000000000000000330000000000000000000000000000000000000000000000100030921274807RAFAEL LOPES DE OLIVEIRA                JUSTINIANO CARRANZA, 24 JARDIM MITSUTANI            05791170                                                            000020
100000 000000000000 00090345100325490REGTIT31287501699394     0002020000005957494100000000002N           2  02000595749420031900000000439830000000099N161118000000000000000290000000000000000000000000000000000000000000000100004916250818BRAZ CHAGAS                             FOZ DO IGUACU, 67 JARDIM VALO VELHO ITAP            06856800                                                            000021
100000 000000000000 00090345100325490REGTIT31288466631894     0002020000005928337800000000002N           2  02000592833730031900000000100000000000099N230818000000000000000070000000000000000000000000000000000000000000000100054089387434CARMEM   LUCIA  DOS  SANTOS  SILVA      RUA  38, N 31 HENRIQUE  LEITE PETROLINA             56300000                                                            000022
100000 000000000000 00090345100325490REGTIT31289125736339     0002020000005966093700000000002N           2  02000596609320031900000000140000000000099N081218000000000000000090000000000000000000000000000000000000000000000100011229320814MARIA APARECIDA CABAL SICHELLI          SEBASTIAO BENEDITO DO AMARAL, 537 VILA L            13450395                                                            000023
100000 000000000000 00090345100325490REGTIT31289782520362     0002020000005920866P00000000002N           2  02000592086612031900000000230000000000099N070818000000000000000150000000000000000000000000000000000000000000000100036046207835SONIA THEODORO GIL                      GENERAL COUTO MAGALHAES, 236 31 DE MARCO            13453135                                                            000024
9                                                                                                                                                                                                                                                                                                                                                                                                         000025