01REMESSA01COBRANCA       00000000000004972103WC SISTEMAS E EQUIPAMENTOS DE 237BRADESCO       200319        MX0002642                                                                                                                                                                                                                                                                                     000001
100000 000000000000 00090345100240370REGTIT264299687365879    0002020090005994220800000000002N           2  01996873658701041900000000180000000000099N200319000000000000000270000000000000000000000000000000000000000000000225271978000119RODRIGO FRANCO DA CRUZ                  RUA PADRE PAULO WARKOCZ, 379                        81280220                                                            000002
100000 000000000000 00090345100240370REGTIT2642997326892567   0002020090005994221600000000002N           2  01997326892501041900000000210000000000099N200319000000000000000320000000000000000000000000000000000000000000000227946665000149MARIA CAROLINE DOS SANTOS ALVES         RUA AUGUSTO STABEM, 1187                            83430000                                                            000003
9                                                                                                                                                                                                                                                                                                                                                                                                         000004