01REMESSA01COBRANCA       00000000000004852239ISPCN                         237BRADESCO       220319        MX0003099                                                                                                                                                                                                                                                                                     000001
100000 000000000000 00090345100325490REGTIT30991925754199     0002020000005994687300000000002N           2  01000599468715041900000000089000000000099N220319000000000000000060000000000000000000000000000000000000000000000100048985163191ROSANGELA PAIVA DE FREITAS              RUA FARIDE GEORGE, 489 JARDIM ANACHE CAM            79017185                                                            000002
100000 000000000000 00090345100325490REGTIT30991925754199     0002020000005994688100000000002N           2  01000599468815051900000000089000000000099N220319000000000000000060000000000000000000000000000000000000000000000100048985163191ROSANGELA PAIVA DE FREITAS              RUA FARIDE GEORGE, 489 JARDIM ANACHE CAM            79017185                                                            000003
100000 000000000000 00090345100325490REGTIT30992745207241     0002020000005978529200000000002N           2  02000597852905031900000000148000000000099N050219000000000000000200000000000000000000000000000000000000000000000100072082801853FIRMINA CASEMIRA DA SILVA               JAO QD 36 LT 43, s|n QD 36 LT 43 COLINA             74970000                                                            000004
100000 000000000000 00090345100325490REGTIT30993716476923     0002020000005994661P00000000002N           2  01000599466115041900000000089000000000099N220319000000000000000060000000000000000000000000000000000000000000000100065356985134MAURICIA OLIVEIRA DE AQUINO             RUA PADRE JOAO GREINER, 183 VILA TAVEIRO            79090110                                                            000005
100000 000000000000 00090345100325490REGTIT30993716476923     0002020000005994662800000000002N           2  01000599466215051900000000089000000000099N220319000000000000000060000000000000000000000000000000000000000000000100065356985134MAURICIA OLIVEIRA DE AQUINO             RUA PADRE JOAO GREINER, 183 VILA TAVEIRO            79090110                                                            000006
100000 000000000000 00090345100325490REGTIT30994143856465     0002020000005994629600000000002N           2  01000599462915041900000000086500000000099N220319000000000000000060000000000000000000000000000000000000000000000100053559444187LETICIA COSTA LEITE DIAS DA SILVA       RUA SABINO JOSE DA COSTA, 308 VILA NASSE            79117141                                                            000007
100000 000000000000 00090345100325490REGTIT30994143856465     0002020000005994630P00000000002N           2  01000599463015051900000000086500000000099N220319000000000000000060000000000000000000000000000000000000000000000100053559444187LETICIA COSTA LEITE DIAS DA SILVA       RUA SABINO JOSE DA COSTA, 308 VILA NASSE            79117141                                                            000008
100000 000000000000 00090345100325490REGTIT30994224998003     0002020000005966045700000000002N           2  02000596604507031900000000320000000000099N081218000000000000000430000000000000000000000000000000000000000000000100004139173122JESSICA PEREIRA DE LIMA SENA            RUA 24 QD 15 LT 17, S|N QD15 LT 17 SETOR            74970000                                                            000009
100000 000000000000 00090345100325490REGTIT30994943615852     0002020000005994645800000000002N           2  01000599464515041900000000086500000000099N220319000000000000000060000000000000000000000000000000000000000000000100000204628750MARGARETH MEDEIROS DA SILVA RIBEIRO     RUA BRAULIO DE SOUZA, 517 JARDIM ITATIAI            79042030                                                            000010
100000 000000000000 00090345100325490REGTIT30994943615852     0002020000005994646600000000002N           2  01000599464615051900000000086500000000099N220319000000000000000060000000000000000000000000000000000000000000000100000204628750MARGARETH MEDEIROS DA SILVA RIBEIRO     RUA BRAULIO DE SOUZA, 517 JARDIM ITATIAI            79042030                                                            000011
100000 000000000000 00090345100325490REGTIT30995349278371     0002020000005994577P00000000002N           2  01000599457715041900000000089000000000099N220319000000000000000060000000000000000000000000000000000000000000000100003822634131JUSSARA OLIVEIRA LIMA ELOI              RIBEIRAO DOURADO, 1196 PARQUE ESTORIL 4             79180000                                                            000012
100000 000000000000 00090345100325490REGTIT30995349278371     0002020000005994578800000000002N           2  01000599457815051900000000089000000000099N220319000000000000000060000000000000000000000000000000000000000000000100003822634131JUSSARA OLIVEIRA LIMA ELOI              RIBEIRAO DOURADO, 1196 PARQUE ESTORIL 4             79180000                                                            000013
100000 000000000000 00090345100325490REGTIT30995570973298     0002020000005927839000000000002N           2  02000592783920031900000000090000000000099N210818000000000000000060000000000000000000000000000000000000000000000100070817310401GABRIELA  BEZERRA  DA  SILVA            RUA  05, N 120 PORTO  DA  ILHA PETROLINA            56300000                                                            000014
100000 000000000000 00090345100325490REGTIT30995819732526     0002020000005994677600000000002N           2  01000599467723031900000000500000000000099N220319000000000000000330000000000000000000000000000000000000000000000100009804392720SAMUEL LEITE TEIXEIRA                   RUA 3 0022 LOTE 21| ESTRADA DO MENDANHA             23097006                                                            000015
100000 000000000000 00090345100325490REGTIT30995819732526     0002020000005994678400000000002N           2  01000599467823041900000000500000000000099N220319000000000000000330000000000000000000000000000000000000000000000100009804392720SAMUEL LEITE TEIXEIRA                   RUA 3 0022 LOTE 21| ESTRADA DO MENDANHA             23097006                                                            000016
100000 000000000000 00090345100325490REGTIT30996182769180     0002020000005994606700000000002N           2  01000599460622041900000000039700000000099N220319000000000000000030000000000000000000000000000000000000000000000100059914564968DOMINGAS BARBOSA SANTIAGO               BELA VISTA, 1603 CENTRO OURIZONA PR                 87170000                                                            000017
100000 000000000000 00090345100325490REGTIT30996441697656     0002020000005948451900000000002N           2  02000594845120031900000000081670000000099N221018000000000000000050000000000000000000000000000000000000000000000100000975949896NASCIMENTO  JOSE  DA  SILVA             RUA  17, N  17 QUATI  2 PETROLINA PE                56300000                                                            000018
100000 000000000000 00090345100325490REGTIT30996704749324     0002020000005978364800000000002N           2  02000597836405031900000000262000000000099N040219000000000000000170000000000000000000000000000000000000000000000100026988968172ANAIR XAVIER DE DEUS                    ARACARI, 0 Q 50 LT 14 CASA 2 COLINA AZUL            74909000                                                            000019
100000 000000000000 00090345100325490REGTIT30996866038102     0002020000005994601600000000002N           2  01000599460130031900000000500000000000099N220319000000000000000330000000000000000000000000000000000000000000000100085443743287NILVANE COSTA DE SOUSA                  P A SAO GERALLDO, S|N VILA BRASILEIRO BO            68525000                                                            000020
100000 000000000000 00090345100325490REGTIT30997014914217     0002020000005994560500000000002N           2  01000599456015041900000000089000000000099N220319000000000000000060000000000000000000000000000000000000000000000100005722235105JUCILAINE VITORINO FRANCA               LADEIA OLHO DAGUA, 20 ZONA RURAL DOIS IR            79215000                                                            000021
100000 000000000000 00090345100325490REGTIT30997014914217     0002020000005994561300000000002N           2  01000599456115051900000000089000000000099N220319000000000000000060000000000000000000000000000000000000000000000100005722235105JUCILAINE VITORINO FRANCA               LADEIA OLHO DAGUA, 20 ZONA RURAL DOIS IR            79215000                                                            000022
100000 000000000000 00090345100325490REGTIT30997021390981     0002020000005986222P00000000002N           2  02000598622227031900000000415000000000099N270219000000000000000550000000000000000000000000000000000000000000000100097840840159RAIMUNDA LACERDA ARAUJO                 RUA 12 QD 18 LT 12, s|n Q15 LT22 INDEPEN            74967100                                                            000023
100000 000000000000 00090345100325490REGTIT30997669070180     0002020000005985508800000000002N           2  02000598550820031900000000071230000000099N200219000000000000000050000000000000000000000000000000000000000000000100002000716962MARIA VICENTE BARBOSA                   QUADRA 2 LOTE 13, LOTE13 BAIXADA DA AREI            87170000                                                            000024
100000 000000000000 00090345100325490REGTIT30998156803150     0002020000005994602400000000002N           2  01000599460225041900000000162500000000099N220319000000000000000110000000000000000000000000000000000000000000000100001589643224LEILA ARAUJO BRANDÃO                    ROODOVIA TRANZAMAZONICA, S|N KM 240FAIXA            68485000                                                            000025
100000 000000000000 00090345100325490REGTIT30999677332354     0002020000005994576100000000002N           2  01000599457622041900000001009850000000099N220319000000000000000670000000000000000000000000000000000000000000000213967304000174VITIVINICOLA QUINTAS DE SAO BRAZ LTDA   ROD. PE-655 KM-08, S/N ZONA RURAL PETROL            56300000                                                            000026
100000 000000000000 00090345100325490REGTIT30999741809811     0002020000005994613P00000000002N           2  01000599461315041900000000103380000000099N220319000000000000000070000000000000000000000000000000000000000000000100005042650164KETELY IRALA DOS SANTOS                 RUA 70, 436 VILA NOVA CAMPO GRANDE CAMPO            79104280                                                            000027
100000 000000000000 00090345100325490REGTIT30999741809811     0002020000005994614800000000002N           2  01000599461415051900000000103380000000099N220319000000000000000070000000000000000000000000000000000000000000000100005042650164KETELY IRALA DOS SANTOS                 RUA 70, 436 VILA NOVA CAMPO GRANDE CAMPO            79104280                                                            000028
9                                                                                                                                                                                                                                                                                                                                                                                                         000029