01REMESSA01COBRANCA       00000000000004852239ISPCN                         237BRADESCO       010319        MX0002930                                                                                                                                                                                                                                                                                     000001
100000 000000000000 00090345100325490REGTIT29301391324599     0002020000005977091000000000002N           2  02000597709104031900000000190000000000099N240119000000000000000130000000000000000000000000000000000000000000000100028992245149LUZIA FELIZADOS DA ROCHA                JADER BARBALHO, 2678 AGUA BOA (OUTEIRO)             66843650                                                            000002
100000 000000000000 00090345100325490REGTIT29302096607875     0002020000005968557300000000002N           2  02000596855724021900000000027400000000099N241218000000000000000020000000000000000000000000000000000000000000000100010245821910IRIS DE OLIVEIRA                        BELA VISTA, 0 CENTRO OURIZONA PR                    87170000                                                            000003
100000 000000000000 00090345100325490REGTIT29302245217325     0002020000005950735700000000002N           2  02000595073505031900000000116670000000099N061118000000000000000080000000000000000000000000000000000000000000000100031155421434MARIA DE LOURDES DO NASCIMENTO          RUA DELFIM, N 10 LOTE PADRE CICERO PETRO            56300000                                                            000004
100000 000000000000 00090345100325490REGTIT29302289930271     0002020000005950088300000000002N           2  02000595008810031900000000225000000000099N011118000000000000000150000000000000000000000000000000000000000000000100018126812249MARIA DA CONCEIÇÃO FERREIRA DIAS        DEODORO DA FONSECA, 1979 BRASILIA (OUTEI            66845440                                                            000005
100000 000000000000 00090345100325490REGTIT29302759471804     0002020000005956887900000000002N           2  02000595688706031900000000130000000000099N131118000000000000000090000000000000000000000000000000000000000000000100016793297821SONIA APARECIDA RODRIGUES NUNES DA SILVAPRESIDENTE ARTUR COSTA E SILVA, 16 31 DE            13450000                                                            000006
100000 000000000000 00090345100325490REGTIT29302786043613     0002020000005979016400000000002N           2  02000597901605031900000000080000000000099N080219000000000000000050000000000000000000000000000000000000000000000100023864491819JOSUE ROBERT                            MUNIQUE, 46 VILA ENGENHO NOVO BARUERI SP            06416140                                                            000007
100000 000000000000 00090345100325490REGTIT29304377207097     0002020000005966113500000000002N           2  02000596611320021900000000041600000000099N081218000000000000000030000000000000000000000000000000000000000000000100004057824979HELENA DE OLIVEIRA PEDRO                DEOCLECIO BEZERRA, 61 CENTRO OURIZONA PR            87170000                                                            000008
100000 000000000000 00090345100325490REGTIT29304377207097     0002020000005966114300000000002N           2  02000596611420031900000000041600000000099N081218000000000000000030000000000000000000000000000000000000000000000100004057824979HELENA DE OLIVEIRA PEDRO                DEOCLECIO BEZERRA, 61 CENTRO OURIZONA PR            87170000                                                            000009
100000 000000000000 00090345100325490REGTIT29305128362373     0002020000005977510600000000002N           2  02000597751026031900000000042500000000099N260119000000000000000030000000000000000000000000000000000000000000000100062153706904NATALICE SALES DE OLIVEIRA              EUCLIDES DA CUNHA, 560 CENTRO OURIZONA P            87170000                                                            000010
100000 000000000000 00090345100325490REGTIT29305174942186     0002020000005956560800000000002N           2  02000595656005031900000000270000000000099N101118000000000000000180000000000000000000000000000000000000000000000100010882596268MARIA DAS DORES DOS SANTOS RODRIGUES    BRASILIA _ PASS. SÃO JORGE, 139 ICOARACI            06682268                                                            000011
100000 000000000000 00090345100325490REGTIT29305952159095     0002020000005968321P00000000002N           2  02000596832110031900000000038960000000099N211218000000000000000030000000000000000000000000000000000000000000000100010102971986CAMILA DOS SANTOS FERBONI               MACHADO DE ASSIS, 923 CENTRO OURIZONA PR            87170000                                                            000012
100000 000000000000 00090345100325490REGTIT29306080420369     0002020000005979012100000000002N           2  02000597901205031900000000376670000000099N080219000000000000000250000000000000000000000000000000000000000000000100023915982890STEPHANIE MILORD                        CAPITAO FRANCISCO CEZAR, 1496 VILA PINDO            06415000                                                            000013
100000 000000000000 00090345100325490REGTIT29307210859060     0002020000005959640600000000002N           2  02000595964007021900000000175000000000099N301118000000000000000120000000000000000000000000000000000000000000000100004761605960LUCAS BALAN                             EQUADOR, 117 JARDIM VITORIA CAMBE PR                86182135                                                            000014
100000 000000000000 00090345100325490REGTIT29307733981054     0002020000005968326000000000002N           2  02000596832610031900000000051700000000099N211218000000000000000030000000000000000000000000000000000000000000000100010102971986CAMILA DOS SANTOS FERBONI               MACHADO DE ASSIS, 923 CENTRO OURIZONA PR            87170000                                                            000015
100000 000000000000 00090345100325490REGTIT29307987976032     0002020000005949878100000000002N           2  02000594987828021900000000186670000000099N311018000000000000000120000000000000000000000000000000000000000000000100079062296300MARINEIDE  MARIA  LOPES  VASQUES        RUA 51, N 37 JOAO DE DEUS PETROLINA  PE             56300000                                                            000016
100000 000000000000 00090345100325490REGTIT29308080138584     0002020000005986424900000000002N           2  01000598642408031900000005940000000000099N010319000000000000003960000000000000000000000000000000000000000000000276670215000181MAKSIWA INDUSTRIA E COMERCIO DE MAQUINAS,  PARQUE MONTE CASTELOJARDIM MIL COLOMB            83409060                                                            000017
100000 000000000000 00090345100325490REGTIT29308908984507     0002020000005918072200000000002N           2  02000591807220021900000000158000000000099N190718000000000000000110000000000000000000000000000000000000000000000100092701680859IVANILDA MARIA DA COSTA                 CEARA, 560 VILA BRASIL SANTA BARBARA D O            13451080                                                            000018
100000 000000000000 00090345100325490REGTIT29309210442499     0002020000005986425700000000002N           2  01000598642506031900000000083170000000099N010319000000000000000060000000000000000000000000000000000000000000000100008755408990RAHIFA LAURA AMATTI RODRIGUES           HARRY FEEKEN, 2037 BONECA DO IGUACU SAO             83040000                                                            000019
100000 000000000000 00090345100325490REGTIT29309210442499     0002020000005986426500000000002N           2  01000598642606041900000000083170000000099N010319000000000000000060000000000000000000000000000000000000000000000100008755408990RAHIFA LAURA AMATTI RODRIGUES           HARRY FEEKEN, 2037 BONECA DO IGUACU SAO             83040000                                                            000020
9                                                                                                                                                                                                                                                                                                                                                                                                         000021