01REMESSA01COBRANCA       00000000000004852239ISPCN                         237BRADESCO       130319        MX0003024                                                                                                                                                                                                                                                                                     000001
100000 000000000000 00090345100325490REGTIT30241612180512     0002020000005898630800000000002N           2  02000589863018021900000000110000000000099N210518000000000000000070000000000000000000000000000000000000000000000100002699919489FRANCISCO DE JESUS NASCIMENTO           10, 45 SÃO JORGE PETROLINA PE                       56300000                                                            000002
100000 000000000000 00090345100325490REGTIT30241618118422     0002020000005979061P00000000002N           2  02000597906110031900000000034730000000099N080219000000000000000020000000000000000000000000000000000000000000000100011816345989FABIO DO VALE DE OLIVEIRA               100 ALQUEIRES,  CENTRO OURIZONA PR                  87170000                                                            000003
100000 000000000000 00090345100325490REGTIT30241707334824     0002020000005987805300000000002N           2  01000598780510041900000000220000000000099N130319000000000000000150000000000000000000000000000000000000000000000100009013830234LAZARO BARBOSA DOS SANTOS               RUA 8 DE MAIO, 393 CAMPINA DE ICOARACI B            66813110                                                            000004
100000 000000000000 00090345100325490REGTIT30241707334824     0002020000005987806100000000002N           2  01000598780610051900000000220000000000099N130319000000000000000150000000000000000000000000000000000000000000000100009013830234LAZARO BARBOSA DOS SANTOS               RUA 8 DE MAIO, 393 CAMPINA DE ICOARACI B            66813110                                                            000005
100000 000000000000 00090345100325490REGTIT30241734345758     0002020000005957630800000000002N           2  02000595763002031900000000108330000000099N191118000000000000000070000000000000000000000000000000000000000000000100013353223452MAIARA DOS SANTOS LIMA                  RUA 04, 07 VILA NOVA N8 PETROLINA PE                56300000                                                            000006
100000 000000000000 00090345100325490REGTIT30242424262521     0002020000005939396300000000002N           2  02000593939624021900000000100000000000099N270918000000000000000070000000000000000000000000000000000000000000000100006522824400SHIRLYS KALIANA DA CONCEICAO SILVA      RUA 42, 71 SÃO GONÇALO PETROLINA PE                 56300000                                                            000007
100000 000000000000 00090345100325490REGTIT30242498593880     0002020000005958118200000000002N           2  02000595811821021900000000091670000000099N221118000000000000000060000000000000000000000000000000000000000000000100070879678437IVONEIDE PEREIRA DA CONCEICAO           RUA 05, 250 FERNANDO IDALINO  PETROLINA             56300000                                                            000008
100000 000000000000 00090345100325490REGTIT30242531679111     0002020000005929056000000000002N           2  02000592905621021900000000118750000000099N270818000000000000000080000000000000000000000000000000000000000000000100081643446568MISSILENE DA SILVA APOSTOLO             RUA: VILA NOVA, 12 PROJETO N 02 PETROLIN            56300000                                                            000009
100000 000000000000 00090345100325490REGTIT30244188011785     0002020000005926267200000000002N           2  02000592626705031900000000068750000000099N110818000000000000000050000000000000000000000000000000000000000000000100006397567435ETELVINA MENDES DA SILVA                RUA J1 , BLOCO RIO PANTANIO, AP 101 VIVE            56300000                                                            000010
100000 000000000000 00090345100325490REGTIT30244444737455     0002020000005984121400000000002N           2  02000598412110031900000000032450000000099N090219000000000000000020000000000000000000000000000000000000000000000100011816345989FABIO DO VALE DE OLIVEIRA               100 ALQUEIRES,  CENTRO OURIZONA PR                  87170000                                                            000011
100000 000000000000 00090345100325490REGTIT30244463822286     0002020000005938915P00000000002N           2  02000593891528021900000000091670000000099N240918000000000000000060000000000000000000000000000000000000000000000100003961049408MARIA JOSE DOS SANTOS                   SITIO, S|N PROJETO MARIA TEREZA PETROLIN            56300000                                                            000012
100000 000000000000 00090345100325490REGTIT30244475459700     0002020000005917958900000000002N           2  02000591795805031900000000100000000000099N190718000000000000000070000000000000000000000000000000000000000000000100097579084449DEUSIVAN COSTA LIMA                     RUA: B, 30 PROJETO N 03 PETROLINA PE                56300000                                                            000013
100000 000000000000 00090345100325490REGTIT30244480560541     0002020000005930113900000000002N           2  02000593011328021900000000070000000000099N010918000000000000000050000000000000000000000000000000000000000000000100028689291415JUVENAL ALVES FILHO                     SITIO BAIXA DA BOA VISTA, S|N  PROXIMO A            56300000                                                            000014
100000 000000000000 00090345100325490REGTIT30244552956637     0002020000005926733P00000000002N           2  02000592673310031900000000100000000000099N140818000000000000000070000000000000000000000000000000000000000000000100021384363491RAIMUNDO ANTONIO DE SOUZA               RUA: 03, 165 COSME E DAMIAO PETROLINA PE            56300000                                                            000015
100000 000000000000 00090345100325490REGTIT30244654557990     0002020000005948096300000000002N           2  02000594809610041900000000050000000000099N191018000000000000000030000000000000000000000000000000000000000000000100021384363491RAIMUNDO ANTONIO DE SOUZA               RUA: 03, 165 COSME E DAMIAO PETROLINA PE            56300000                                                            000016
100000 000000000000 00090345100325490REGTIT30245701403721     0002020000005986624100000000002N           2  02000598662418031900000000491490000000099N060319000000000000000330000000000000000000000000000000000000000000000231135972000117TG EDUCAÇAO S/A ,MATRIZ                 RUA VERISSIMO MARQUES, 584 CENTRO SAO JO            83005410                                                            000017
100000 000000000000 00090345100325490REGTIT30245892143145     0002020000005931341200000000002N           2  02000593134128021900000000100000000000099N060918000000000000000070000000000000000000000000000000000000000000000100003489251407ROSILEIDE ROSA PEREIRA NUNES            RUA: 10, 231 TERRA DO SUL PETROLINA PE              56300000                                                            000018
100000 000000000000 00090345100325490REGTIT30246300498325     0002020000005919608400000000002N           2  02000591960826021900000000050000000000099N300718000000000000000030000000000000000000000000000000000000000000000100059242973491EDVALDO AMANCIO DE LIRA                 B, 26 PREJETO C1 PETROLINA PE                       56300000                                                            000019
100000 000000000000 00090345100325490REGTIT30246300498325     0002020000005919609200000000002N           2  02000591960926031900000000050000000000099N300718000000000000000030000000000000000000000000000000000000000000000100059242973491EDVALDO AMANCIO DE LIRA                 B, 26 PREJETO C1 PETROLINA PE                       56300000                                                            000020
100000 000000000000 00090345100325490REGTIT30246413449781     0002020000005938984200000000002N           2  02000593898419031900000000100000000000099N250918000000000000000070000000000000000000000000000000000000000000000100007699552407ANA  PAULA  DA  SILVA  LIMA             RUA  C, N 73 C 2 PISNO PETROLINA PE                 56300000                                                            000021
100000 000000000000 00090345100325490REGTIT30246765853683     0002020000005956702300000000002N           2  02000595670210031900000000250000000000099N121118000000000000000170000000000000000000000000000000000000000000000100004397398291ULISSES DIAS SIQUEIRA                   SOUZA FRANCO, 2890 ICOARACI BELEM  PA               66811880                                                            000022
100000 000000000000 00090345100325490REGTIT30247899850714     0002020000005976898300000000002N           2  02000597689821021900000000218750000000099N230119000000000000000150000000000000000000000000000000000000000000000208195565000183MERCADO DOURADOS(JULIO)                 AV.ANTONIO NUNES DA ROCHA, 380 RIO PEQUE            83070020                                                            000023
100000 000000000000 00090345100325490REGTIT30248193673288     0002020000005957177200000000002N           2  02000595717705031900000000095000000000099N141118000000000000000060000000000000000000000000000000000000000000000100007616294405ELIANE DA COSTA SANTOS                  RUA B, 30 PROJETO N3 PETROLINA PE                   56300000                                                            000024
100000 000000000000 00090345100325490REGTIT30248853076986     0002020000005986623300000000002N           2  02000598662314031900000000341700000000099N060319000000000000000230000000000000000000000000000000000000000000000231135972000117TG EDUCAÇAO S/A ,MATRIZ                 RUA VERISSIMO MARQUES, 584 CENTRO SAO JO            83005410                                                            000025
100000 000000000000 00090345100325490REGTIT30249527692844     0002020000005939588500000000002N           2  02000593958825021900000000100000000000099N270918000000000000000070000000000000000000000000000000000000000000000100003152799403COSME DE SOUZA DA CUNHA                 SITIO POÇO, S|N POÇO PETROLINA PE                   56300000                                                            000026
100000 000000000000 00090345100325490REGTIT30249643628170     0002020000005939003400000000002N           2  02000593900328021900000000066250000000099N250918000000000000000040000000000000000000000000000000000000000000000100005319620403MARLENE BARRETO DE LIMA                 RUA 05, 616 ANTONIO CASSIMIRO  PETROLINA            56300000                                                            000027
100000 000000000000 00090345100325490REGTIT30249709723898     0002020000005969871300000000002N           2  02000596987110031900000000120000000000099N090119000000000000000080000000000000000000000000000000000000000000000100008092154384JULIANA MARIA BARBOSA DIAS              NOSSA SENHORA DA CONCEICAO, 2 BRASILIA (            66845822                                                            000028
9                                                                                                                                                                                                                                                                                                                                                                                                         000029