01REMESSA01COBRANCA       00000000000004972103WC SISTEMAS E EQUIPAMENTOS DE 237BRADESCO       120319        MX0002616                                                                                                                                                                                                                                                                                     000001
100000 000000000000 00090345100240370REGTIT2616996734716621   0002020090005987712000000000002N           2  01996734716615031900000000366000000000099N120319000000000000000550000000000000000000000000000000000000000000000227012775000133CARDOSO GARCIA E CIA LTDA EPP           RUA CAMOES, 601                                     80040180                                                            000002
9                                                                                                                                                                                                                                                                                                                                                                                                         000003