01REMESSA01COBRANCA       00000000000004852239ISPCN                         237BRADESCO       060319        MX0002973                                                                                                                                                                                                                                                                                     000001
100000 000000000000 00090345100325490REGTIT29731121061100     0002020000005909735300000000002N           2  02000590973528021900000000079000000000099N250618000000000000000050000000000000000000000000000000000000000000000100038302983829HELIO JOAQUIM OLIVEIRA                  DA ALEGRIA, 95 JARDIM VISTA ALEGRE SANTA            13458586                                                            000002
100000 000000000000 00090345100325490REGTIT29731476078993     0002020000005985260700000000002N           2  02000598526011031900000000353200000000099N180219000000000000000240000000000000000000000000000000000000000000000100053155084049CATIA CILENE FONTOURA ARRUDA            LUPICINIO RODRIGUES, 1259 CASA STA RITA             92500000                                                            000003
100000 000000000000 00090345100325490REGTIT29731498764732     0002020000005969856P00000000002N           2  02000596985610031900000000097550000000099N090119000000000000000070000000000000000000000000000000000000000000000100056809840915SUZANA BARRACA                          19 DE NOVEMBRO, 516 CASA CENTRO OURIZONA            87170000                                                            000004
100000 000000000000 00090345100325490REGTIT29731517814658     0002020000005908935000000000002N           2  02000590893510031900000000170000000000099N190618000000000000000110000000000000000000000000000000000000000000000100030691104875SANDRA SOARES OLIVEIRA                  SITIO GRACIANO, 00 PORTAO VERDE SANTO AN            13450000                                                            000005
100000 000000000000 00090345100325490REGTIT29732410532587     0002020000005902058P00000000002N           2  02000590205815021900000000330000000000099N070618000000000000000220000000000000000000000000000000000000000000000100037564791888TAINA KRYSIA G TEIXEIRA                 OSORIO DUQUE ESTRADA, 647 JD BATIGIM SBO            13450000                                                            000006
100000 000000000000 00090345100325490REGTIT29733817384400     0002020000005986663200000000002N           2  01000598666321031900000000203500000000099N060319000000000000000140000000000000000000000000000000000000000000000200505279000165MERCADO EXPRESSO                        PEDRO ALVES DA ROCHA, 966 JARDIM ITALIA             83020360                                                            000007
100000 000000000000 00090345100325490REGTIT29734131190669     0002020000005969802000000000002N           2  02000596980208021900000000141670000000099N080119000000000000000090000000000000000000000000000000000000000000000100025801296859OSCAR SILGUEIRA FREIRE                  DEZESSETE, 135 PQ DO CAFE UM MONTE MOR S            13190000                                                            000008
100000 000000000000 00090345100325490REGTIT29734336605928     0002020000005986667500000000002N           2  01000598666706041900000000141940000000099N060319000000000000000090000000000000000000000000000000000000000000000100000410180955CELIA MALAQUIAS KAISER                  CANDIDO BORSATO, 895 UVARANAS PONTA GROS            84030520                                                            000009
100000 000000000000 00090345100325490REGTIT29734606987713     0002020000005930714500000000002N           2  02000593071405031900000000150000000000099N040918000000000000000100000000000000000000000000000000000000000000000100017151480881LAURINDA GONCALVES DE SOUZA ALBIERO     ALBERTO NOVAES, 372 RES. FURLAN SANTA BÁ            13451192                                                            000010
100000 000000000000 00090345100325490REGTIT29734660702165     0002020000005968149700000000002N           2  02000596814911021900000000277000000000099N201218000000000000000180000000000000000000000000000000000000000000000100025801296859OSCAR SILGUEIRA FREIRE                  DEZESSETE, 135 PQ DO CAFE UM MONTE MOR S            13190000                                                            000011
100000 000000000000 00090345100325490REGTIT29735430020578     0002020000005986666700000000002N           2  01000598666625031900000000171320000000099N060319000000000000000110000000000000000000000000000000000000000000000277997732000122AW EMPREENDIMENTOS IMOBILIARIOS LTDA - (,  EUCALIPITOS 3 FAZENDA RIO GRANDE  PR             83820707                                                            000012
100000 000000000000 00090345100325490REGTIT29735783416827     0002020000005985296800000000002N           2  02000598529605031900000000122670000000099N180219000000000000000080000000000000000000000000000000000000000000000100011687443858MARCOS FRANCISCO DOS SANTOS             RUA SEBASTIAO MALUCELLI, 1200 BL E AP 23            81050270                                                            000013
100000 000000000000 00090345100325490REGTIT29736323695911     0002020000005970266400000000002N           2  02000597026605031900000000120000000000099N100119000000000000000080000000000000000000000000000000000000000000000100059067993204ALEXANDRE PANTOJA GONÇALVES             SIQUEIRA MENDES, 594 CRUZEIRO (ICOARACI)            66810050                                                            000014
100000 000000000000 00090345100325490REGTIT29736449272731     0002020000005948364400000000002N           2  02000594836420021900000000111390000000099N201018000000000000000070000000000000000000000000000000000000000000000100025801296859OSCAR SILGUEIRA FREIRE                  DEZESSETE, 135 PQ DO CAFE UM MONTE MOR S            13190000                                                            000015
100000 000000000000 00090345100325490REGTIT29736789416207     0002020000005978079700000000002N           2  02000597807902031900000000196000000000099N310119000000000000000130000000000000000000000000000000000000000000000100029552273234NALVA DO SOCORRO SOUZA DA SILVA         TRAVESSA SAO ROQUE, 974 CRUZEIRO BELEM P            66810020                                                            000016
100000 000000000000 00090345100325490REGTIT29736819945983     0002020000005976766900000000002N           2  02000597676610031900000000560000000000099N220119000000000000000370000000000000000000000000000000000000000000000100011551813874VILMA AP SOARES DA SILVA                PEDRO CANDIDO RANGEL, 183 PARQUE RESIDEN            13458066                                                            000017
100000 000000000000 00090345100325490REGTIT29736928303734     0002020000005978093200000000002N           2  02000597809306031900000000190000000000099N310119000000000000000130000000000000000000000000000000000000000000000100004737842893URIEL DE JESUS SANDINO PEREZ            WILHELM FRIEDRICH LADWIG, 80 JARDIM CLAR            05866170                                                            000018
100000 000000000000 00090345100325490REGTIT29737122917580     0002020000005967906900000000002N           2  02000596790625021900000000190000000000099N191218000000000000000130000000000000000000000000000000000000000000000100038302983829HELIO JOAQUIM OLIVEIRA                  DA ALEGRIA, 95 JARDIM VISTA ALEGRE SANTA            13458586                                                            000019
100000 000000000000 00090345100325490REGTIT29737228241513     0002020000005968489500000000002N           2  02000596848922021900000000032350000000099N221218000000000000000020000000000000000000000000000000000000000000000100006124675978ALESSANDRA DA SILVA FLORENCIO           PARANA, 487 CENTRO OURIZONA PR                      87170000                                                            000020
100000 000000000000 00090345100325490REGTIT29738050477368     0002020000005948635P00000000002N           2  02000594863523021900000000038300000000099N231018000000000000000030000000000000000000000000000000000000000000000100006124675978ALESSANDRA DA SILVA FLORENCIO           PARANA, 487 CENTRO OURIZONA PR                      87170000                                                            000021
100000 000000000000 00090345100325490REGTIT29738080886511     0002020000005986664000000000002N           2  01000598666410031900000000171320000000099N060319000000000000000110000000000000000000000000000000000000000000000295370078001186BRAS-ONDA PAPELÃO ONDULDO LTDA          FRANCISCO FERREIRA DA CRUZ, 2411 EUCALIP            83820000                                                            000022
100000 000000000000 00090345100325490REGTIT29738283395688     0002020000005968882300000000002N           2  02000596888228021900000000350000000000099N271218000000000000000230000000000000000000000000000000000000000000000100005752450268JUCIREMA CONCEIÇÃO DOS SANTOS           TRAVESSA DO CRUZEIRO, 1296 CRUZEIRO BELE            66810000                                                            000023
100000 000000000000 00090345100325490REGTIT29739183968785     0002020000005986670500000000002N           2  01000598667010031900000000085660000000099N060319000000000000000060000000000000000000000000000000000000000000000213072185000515SIMPLES SOLUTIONS COMERCIO DE EQUIPAMENTFRANCA, 503 LOJA 01 EUCALIPTOS FAZENDA R            83820029                                                            000024
100000 000000000000 00090345100325490REGTIT29739199297589     0002020000005929005600000000002N           2  02000592900510031900000000160000000000099N270818000000000000000110000000000000000000000000000000000000000000000100025801296859OSCAR SILGUEIRA FREIRE                  DEZESSETE, 135 PQ DO CAFE UM MONTE MOR S            13190000                                                            000025
100000 000000000000 00090345100325490REGTIT29739388521292     0002020000005917825600000000002N           2  02000591782510031900000000590000000000099N180718000000000000000390000000000000000000000000000000000000000000000100025801296859OSCAR SILGUEIRA FREIRE                  DEZESSETE, 135 PQ DO CAFE UM MONTE MOR S            13190000                                                            000026
100000 000000000000 00090345100325490REGTIT29739455264475     0002020000005950567200000000002N           2  02000595056710031900000000068000000000099N061118000000000000000050000000000000000000000000000000000000000000000100086830996872GILBERTO DE SIQUEIRA GERALDO            INDAIÁ, 55 JARDIM BATAGIN SANTA BÁRBARA             13453068                                                            000027
9                                                                                                                                                                                                                                                                                                                                                                                                         000028