01REMESSA01COBRANCA       00000000000004972103WC SISTEMAS E EQUIPAMENTOS DE 237BRADESCO       180319        MX0002634                                                                                                                                                                                                                                                                                     000001
100000 000000000000 00090345100240370REGTIT263499732763997    0002020090005993531700000000002N           2  01997327639925031900000000239700000000099N180319000000000000000360000000000000000000000000000000000000000000000217955630000112GUIMARAES E CORPOLATO PERFUMARIA E COSMERUA GENESIO MORESCHI, 388                           83410000                                                            000002
100000 000000000000 00090345100240370REGTIT2634996989139207   0002020090005993533300000000002N           2  01996989139225031900000000314700000000099N180319000000000000000470000000000000000000000000000000000000000000000227858447000152ALICE DUMAS E SILVA                     RUA DELEGADO LEOPOLDO BELCZAK , 309                 82800220                                                            000003
100000 000000000000 00090345100240370REGTIT2634997290993078   0002020090005993532500000000002N           2  01997290993025031900000000239700000000099N180319000000000000000360000000000000000000000000000000000000000000000100006510872951FLAVIO AUGUSTO CZUCHRAJ                 RUA DA TRINDADE, 79                                 82920120                                                            000004
9                                                                                                                                                                                                                                                                                                                                                                                                         000005