01REMESSA01COBRANCA       00000000000004852239ISPCN                         237BRADESCO       070319        MX0002977                                                                                                                                                                                                                                                                                     000001
100000 000000000000 00090345100325490REGTIT29771694187066     0002020000005958180800000000002N           2  01000595818022041900000000074000000000099N221118000000000000000050000000000000000000000000000000000000000000000100002231404494JOSE FERRREIRA DA SILVA                 RUA 09, 240 TABULEIRO JUAZEIRO BA                   48900000                                                            000002
100000 000000000000 00090345100325490REGTIT29771772965494     0002020000005978337000000000002N           2  02000597833705031900000000051870000000099N040219000000000000000030000000000000000000000000000000000000000000000100010071409920MARCELO HENRIQUE DA SILVA               BELA VISTA, 0 CENTRO OURIZONA PR                    87170000                                                            000003
100000 000000000000 00090345100325490REGTIT29772490670403     0002020000005978248P00000000002N           2  02000597824801031900000000107200000000099N010219000000000000000070000000000000000000000000000000000000000000000100035949651987NELSON PEDRO BATHEKE                    DOMINGOS AGABITO BUDEL, 221 BUTIATUVINHA            82400390                                                            000004
100000 000000000000 00090345100325490REGTIT29773237033432     0002020000005966123200000000002N           2  02000596612310031900000000050260000000099N081218000000000000000030000000000000000000000000000000000000000000000100008867173960GESSICA ALINE CARUZO                    ARITA, 880 CASA CENTRO OURIZONA PR                  87170000                                                            000005
100000 000000000000 00090345100325490REGTIT29773755768247     0002020000005956829100000000002N           2  02000595682901031900000000070000000000099N121118000000000000000050000000000000000000000000000000000000000000000100056245947472HERMANO DOS SANTOS                      RUA RIACHO DO MEL, 14 JOSE MARIA  PETROL            56300000                                                            000006
100000 000000000000 00090345100325490REGTIT29773898803587     0002020000005958203000000000002N           2  01000595820322041900000000080000000000099N221118000000000000000050000000000000000000000000000000000000000000000100070479623520ANDREA NARTHA DA SILVA NASCIMENTO MOREIRQUADRA D RUA 2, 24 CASA CASTELO BRANCO J            48000900                                                            000007
100000 000000000000 00090345100325490REGTIT29774226017966     0002020000005969289800000000002N           2  02000596928910031900000000022160000000099N030119000000000000000010000000000000000000000000000000000000000000000100008867173960GESSICA ALINE CARUZO                    ARITA, 880 CASA CENTRO OURIZONA PR                  87170000                                                            000008
100000 000000000000 00090345100325490REGTIT29774237266311     0002020000005925986800000000002N           2  02000592598609031900000000040050000000099N090818000000000000000030000000000000000000000000000000000000000000000100008867173960GESSICA ALINE CARUZO                    ARITA, 880 CASA CENTRO OURIZONA PR                  87170000                                                            000009
100000 000000000000 00090345100325490REGTIT29775443477622     0002020000005917142100000000002N           2  02000591714213031900000000041130000000099N130718000000000000000030000000000000000000000000000000000000000000000100044769466153NELSON DE OLIVEIRA                      100 ALQUEIRES, 0 ZONA RURAL OURIZONA PR             87170000                                                            000010
100000 000000000000 00090345100325490REGTIT29775559749719     0002020000005946704500000000002N           2  02000594670410031900000000068860000000099N091018000000000000000050000000000000000000000000000000000000000000000100044769466153NELSON DE OLIVEIRA                      100 ALQUEIRES, 0 ZONA RURAL OURIZONA PR             87170000                                                            000011
100000 000000000000 00090345100325490REGTIT29775975702524     0002020000005966443600000000002N           2  02000596644307031900000000490000000000099N111218000000000000000820000000000000000000000000000000000000000000000100000370102800GIVAR XAVIER DO NASCIMENTO              ,  BAIRRO ALTO CURITIBA PR                          82820090                                                            000012
100000 000000000000 00090345100325490REGTIT29777307069458     0002020000005948464000000000002N           2  02000594846422021900000000325000000000099N221018000000000000000220000000000000000000000000000000000000000000000100041196603898LAIS FERNANDO GOMES                     HERMES DA FONSECA, 213 JD ITAMARATI SANT            13450000                                                            000013
100000 000000000000 00090345100325490REGTIT29777365848003     0002020000005966681100000000002N           2  01000596668112041900000000056000000000099N121218000000000000000040000000000000000000000000000000000000000000000100000601215567JOCILENE CARVALHO BARROS                RUA 02, 343 JARDIM FLORIDA JUAZEIRO BA              48900000                                                            000014
100000 000000000000 00090345100325490REGTIT29778081524028     0002020000005869444700000000002N           2  02000586944410021900000000100000000000099N100318000000000000000070000000000000000000000000000000000000000000000100050460242172ROSARIA PEREIRA DOS SANTOS              PORTO RICO ETAPA CENTRO QD 03 LOTE, 15 S            72504003                                                            000015
100000 000000000000 00090345100325490REGTIT29778269034561     0002020000005966478900000000002N           2  02000596647810031900000000072800000000099N111218000000000000000050000000000000000000000000000000000000000000000100044769466153NELSON DE OLIVEIRA                      100 ALQUEIRES, 0 ZONA RURAL OURIZONA PR             87170000                                                            000016
100000 000000000000 00090345100325490REGTIT29778307268218     0002020000005900664100000000002N           2  02000590066428021900000000046000000000099N010618000000000000000030000000000000000000000000000000000000000000000100002020697459OZENI ROQUE DA SILVA                    RUA 14, 31 JOÃO DE DEUS  PETROLINA PE               56300000                                                            000017
100000 000000000000 00090345100325490REGTIT29778307268218     0002020000005900665P00000000002N           2  02000590066528031900000000046000000000099N010618000000000000000030000000000000000000000000000000000000000000000100002020697459OZENI ROQUE DA SILVA                    RUA 14, 31 JOÃO DE DEUS  PETROLINA PE               56300000                                                            000018
100000 000000000000 00090345100325490REGTIT29778364360079     0002020000005979129200000000002N           2  01000597912911041900000000055000000000099N080219000000000000000040000000000000000000000000000000000000000000000100003540088466MARILENE SATANA ARAUJO                  RUA DA LIMOEIRA BL 87, 203 CASA R SAO FA            48900000                                                            000019
100000 000000000000 00090345100325490REGTIT29779077754273     0002020000005947190500000000002N           2  02000594719010021900000000150000000000099N111018000000000000000100000000000000000000000000000000000000000000000100002195644427ROSILDA BARBOSA DE CARVALHO             RUA 04, 310 B ANTONIO CASSIMIRO  PETROLI            56300000                                                            000020
9                                                                                                                                                                                                                                                                                                                                                                                                         000021