01REMESSA01COBRANCA       00000000000004852239ISPCN                         237BRADESCO       190319        MX0003064                                                                                                                                                                                                                                                                                     000001
100000 000000000000 00090345100325490REGTIT30641168885011     0002020000005967818600000000002N           2  02000596781818031900000000122000000000099N181218000000000000000080000000000000000000000000000000000000000000000100025911707896HUMBERTO CEZAR FORCHETTI                FUNCIONARIO DA POR DO SOL, 22 CENTRO MON            13190000                                                            000002
100000 000000000000 00090345100325490REGTIT30641275157559     0002020000005985028000000000002N           2  02000598502815031900000000138550000000099N150219000000000000000090000000000000000000000000000000000000000000000100022495827187JOARES GOMES MARQUES                    QR415  CONJ15  CASA, 38 ALUGUEL  NORTE S            72000000                                                            000003
100000 000000000000 00090345100325490REGTIT30641357689806     0002020000005908810900000000002N           2  01000590881018051900000000290000000000099N180618000000000000000190000000000000000000000000000000000000000000000100039656830806FRANCISCO EGRECIO DA SILVA              LARANJEIRA,, 28 CAMPO LIMPO GUARULHOS SP            07194360                                                            000004
100000 000000000000 00090345100325490REGTIT30641363762873     0002020000005928697000000000002N           2  01000592869718051900000000200000000000099N250818000000000000000270000000000000000000000000000000000000000000000100041246237806ANGELA DE OLIVEIRA SANTOS               SANTOS, 195 CASA AMADOR BUENO ITAPEVI SP            06680260                                                            000005
100000 000000000000 00090345100325490REGTIT30641586931182     0002020000005985447200000000002N           2  02000598544719031900000000142500000000099N190219000000000000000100000000000000000000000000000000000000000000000100043235202803VICTOR APARECIDO DA SILVA(IND.MARCELO LARUA 19, 16 VASA BELA VISTA MONTE MOR SP             13190000                                                            000006
100000 000000000000 00090345100325490REGTIT30641622137634     0002020000005938887000000000002N           2  01000593888718051900000000070000000000099N240918000000000000000050000000000000000000000000000000000000000000000100095550917815CRISTOVÃO ALVES DE HOLANDA              RUA 03, 396 SÃO JORGE PETROLINA  PE                 56300000                                                            000007
100000 000000000000 00090345100325490REGTIT30641692768976     0002020000005917587700000000002N           2  02000591758720021900000000070000000000099N180718000000000000000050000000000000000000000000000000000000000000000100036623832840LAIS CRISTINA RODRIGUES                 ANTONIO BERNARDES RANGEL, 165 VILA BÉTIC            13450000                                                            000008
100000 000000000000 00090345100325490REGTIT30641965767550     0002020000005993639800000000002N           2  01000599363919041900000003225000000000099N190319000000000000002150000000000000000000000000000000000000000000000100002818468809CECILIA FERREIRA FERNANDES              FRANCISCO DE HOLANDA, 665 JARDIM MARIA V            05761210                                                            000009
100000 000000000000 00090345100325490REGTIT30641997500504     0002020000005966451700000000002N           2  01000596645118051900000000250000000000099N111218000000000000000170000000000000000000000000000000000000000000000100040789090864BERENICE RAYANE GUIMARAES               RUA RAFAEL DIAS, 51 JARIM CAMPOS DOURADO            13190000                                                            000010
100000 000000000000 00090345100325490REGTIT30642081595932     0002020000005985735800000000002N           2  06000598573530031900000000195000000000099N220219000000000000000130000000000000000000000000000000000000000000000100003900475202TEREZA DOS SANTOS RAMOS                 RIO CARA-CARA, 00 CACHOEIRA DO ARARI MAR            68840000                                                            000011
100000 000000000000 00090345100325490REGTIT30642389455681     0002020000005938807200000000002N           2  01000593880718051900000000065000000000099N240918000000000000000040000000000000000000000000000000000000000000000100057711658591MARIA  DAS  DORES  AMARAL               RUA 60, N 90 SAO  GONSALO PETROLINA PE              56300000                                                            000012
100000 000000000000 00090345100325490REGTIT30642405450824     0002020000005985366200000000002N           2  02000598536620031900000000135000000000099N190219000000000000000090000000000000000000000000000000000000000000000100040881266884PAULA CARDOSO                           EDUARDO STRAZDIN, 810 RESIDENCIAL FURLAN            13451170                                                            000013
100000 000000000000 00090345100325490REGTIT30642532118049     0002020000005927628200000000002N           2  02000592762810031900000000229000000000099N200818000000000000000150000000000000000000000000000000000000000000000100019690591843ROSANA CASSIMIRO AMADO                  NICOLAU FURLAN, 527 RESIDENCIAL FURLAN S            13451188                                                            000014
100000 000000000000 00090345100325490REGTIT30642553769345     0002020000005993643600000000002N           2  01000599364319041900000002900000000000099N190319000000000000001930000000000000000000000000000000000000000000000100005078801618CELIO GONYALVES PEREIRA                 BERTIOGA, 8 CS01 JARDIM SAO VICENTE EMBU            06826200                                                            000015
100000 000000000000 00090345100325490REGTIT30643526269731     0002020000005975436200000000002N           2  02000597543614031900000000064650000000099N140119000000000000000040000000000000000000000000000000000000000000000100002000716962MARIA VICENTE BARBOSA                   QUADRA 2 LOTE 13, LOTE13 BAIXADA DA AREI            87170000                                                            000016
100000 000000000000 00090345100325490REGTIT30643666110481     0002020000005920577600000000002N           2  02000592057715031900000000240000000000099N060818000000000000000160000000000000000000000000000000000000000000000100028830341843DANIELA SOARES DA SILVA                 PADRE ANCHIETA, 364 VILA SIQUEIRA CAMPOS            13451036                                                            000017
100000 000000000000 00090345100325490REGTIT30643760054107     0002020000005958546300000000002N           2  01000595854618051900000000060000000000099N241118000000000000000100000000000000000000000000000000000000000000000100009668479971DANILO CASSIANO K. BIJARI               PROFESSOR JOAO DA COSTA VIANA, 421 CIDAD            83035000                                                            000018
100000 000000000000 00090345100325490REGTIT30643916818002     0002020000005967716300000000002N           2  01000596771618051900000000042940000000099N181218000000000000000030000000000000000000000000000000000000000000000100004280969990CLEISON MOREIRA DE SOUZA                ARAXA, 364 CENTRO OURIZONA PR                       87170000                                                            000019
100000 000000000000 00090345100325490REGTIT30644247678091     0002020000005967790200000000002N           2  01000596779018051900000000400000000000099N181218000000000000000270000000000000000000000000000000000000000000000100034521059899HELENA ELIZABETE JEDREZEJEWSKI          SANTA RITA, 28 ARACOIABINHA ARACOIABA DA            18190000                                                            000020
100000 000000000000 00090345100325490REGTIT30644304367212     0002020000005969211100000000002N           2  02000596921110031900000000033230000000099N020119000000000000000020000000000000000000000000000000000000000000000100010833596900ALINE CARMO DA SILVA                    INDEPENDENCIA, 602 CASA CENTRO OURIZONA             87170000                                                            000021
100000 000000000000 00090345100325490REGTIT30644330981518     0002020000005947131P00000000002N           2  02000594713110031900000000105000000000099N111018000000000000000070000000000000000000000000000000000000000000000100004145318412KEILA  KATIANA  AMORIM  SILVA           RUA  G, N 25 TORRES  DOLAMITA   PETROLIN            56300000                                                            000022
100000 000000000000 00090345100325490REGTIT30644453649984     0002020000005985519300000000002N           2  02000598551920031900000000170000000000099N200219000000000000000110000000000000000000000000000000000000000000000100000136756212ROMARIS EDENILSON SILVA DA COSTA        JULIO GOMES, 439 ALTOS CAMPINA DE ICOARA            66813050                                                            000023
100000 000000000000 00090345100325490REGTIT30644551328826     0002020000005966434700000000002N           2  02000596643415031900000000178000000000099N101218000000000000000120000000000000000000000000000000000000000000000100039782284831ANA CLAUDIA AP RODRIGUES                PADRE ARTHUR SAMPAIO AP 03 B, BL 105 CON            13458182                                                            000024
100000 000000000000 00090345100325490REGTIT30644700850223     0002020000005937575200000000002N           2  01000593757515051900000001208330000000099N150918000000000000000810000000000000000000000000000000000000000000000100006983646940RENATA DOS SANTOSDOMINGUES              LUIZ SPERANDIO, 418 CASA SANTO INACIO CU            82300070                                                            000025
100000 000000000000 00090345100325490REGTIT30644783728370     0002020000005967880100000000002N           2  01000596788018051900000000392800000000099N181218000000000000000260000000000000000000000000000000000000000000000100002095722051TCHARLA CILENE ARRUDA DE MOURA          RUA FERNANDO MENDES, 597 FLORIDA GUAIBA             92500000                                                            000026
100000 000000000000 00090345100325490REGTIT30644879104403     0002020000005969724500000000002N           2  01000596972418051900000000215000000000099N080119000000000000000140000000000000000000000000000000000000000000000100004326990821MARIA JOSÉ SERAFIM DA SILVA             ADALGISA DE ABREU RAMALHO, 83 JARDIM DAS            05780200                                                            000027
100000 000000000000 00090345100325490REGTIT30644910604444     0002020000005976027300000000002N           2  02000597602717031900000000170000000000099N170119000000000000000110000000000000000000000000000000000000000000000100030437341810ELIANA MENDES                           TIRADENTES, 991 JARDIM AMERICA SANTA BAR            13450256                                                            000028
100000 000000000000 00090345100325490REGTIT30644949327649     0002020000005985276300000000002N           2  01000598527618051900000000039970000000099N180219000000000000000030000000000000000000000000000000000000000000000100053155084049CATIA CILENE FONTOURA ARRUDA            LUPICINIO RODRIGUES, 1259 CASA STA RITA             92500000                                                            000029
100000 000000000000 00090345100325490REGTIT30645153263720     0002020000005951256300000000002N           2  02000595125601031900000000100000000000099N081118000000000000000070000000000000000000000000000000000000000000000100007499837440SANAIDE ARAUJO SILVA SANTOS             RUA:CURRUPIÃO, N:98 PEDRA LINDA PETROLIN            56300000                                                            000030
100000 000000000000 00090345100325490REGTIT30645177843276     0002020000005993561800000000002N           2  01000599356118051900000000773000000000099N180319000000000000000520000000000000000000000000000000000000000000000211952983000182DESENVOLVIMENTO AGRÍCOLA DO NORDESTE    PROJETO SENADOR NILO COELHO NC 4, 0 TAPE            56302970                                                            000031
100000 000000000000 00090345100325490REGTIT30645221088818     0002020000005928239800000000002N           2  02000592823923021900000000108330000000099N230818000000000000000070000000000000000000000000000000000000000000000100024847344847GERLANDIO VIEIRA DE FREITAS             SAO LAZARO GLEBA 03 CASA 03 NUMERO 353,             72700000                                                            000032
100000 000000000000 00090345100325490REGTIT30645525877968     0002020000005898352P00000000002N           2  01000589835218051900000000250000000000099N180518000000000000000170000000000000000000000000000000000000000000000100040305589091SIDNEY CASAGRANDE                       GRAVATAI, 121 CASA VILA AUGUSTA VIAMÃO R            94400000                                                            000033
100000 000000000000 00090345100325490REGTIT30645528814974     0002020000005968477100000000002N           2  02000596847722031900000000039650000000099N221218000000000000000030000000000000000000000000000000000000000000000100003080361903MARIA BERNADETE FACINA DEGAN            RUA CAMPO GRANDE, 693 CENTRO OURIZONA PR            87170000                                                            000034
100000 000000000000 00090345100325490REGTIT30645531491831     0002020000005993540500000000002N           2  01000599354018051900000000190000000000099N180319000000000000000130000000000000000000000000000000000000000000000100025911707896HUMBERTO CEZAR FORCHETTI                FUNCIONARIO DA POR DO SOL, 22 CENTRO MON            13190000                                                            000035
100000 000000000000 00090345100325490REGTIT30645696144592     0002020000005947275800000000002N           2  02000594727510031900000000032080000000099N131018000000000000000020000000000000000000000000000000000000000000000100000383687810OSMARO DE LIMA MARQUES                  15 DE NOVEMBRO, 91 CENTRO OURIZONA PR               87170000                                                            000036
100000 000000000000 00090345100325490REGTIT30645743571408     0002020000005949477800000000002N           2  02000594947725021900000000123900000000099N271018000000000000000080000000000000000000000000000000000000000000000100036623832840LAIS CRISTINA RODRIGUES                 ANTONIO BERNARDES RANGEL, 165 VILA BÉTIC            13450000                                                            000037
100000 000000000000 00090345100325490REGTIT30646110091300     0002020000005976126100000000002N           2  02000597612617031900000000148900000000099N170119000000000000000100000000000000000000000000000000000000000000000100031691900168ANA MARIA PORTO                         QR 204 CONJ 09 LT, 01 APARTAMENTO 303 3             00072000                                                            000038
100000 000000000000 00090345100325490REGTIT30646114120677     0002020000005976184900000000002N           2  01000597618418051900000000320000000000099N180119000000000000000210000000000000000000000000000000000000000000000100045661701870CLARA MARIANE SANTOS                    MANOEL VIEIRA, 2181 TOLEDOPOLIS ARAÇOIAB            18190000                                                            000039
100000 000000000000 00090345100325490REGTIT30646317463223     0002020000005977960800000000002N           2  02000597796005031900000000052970000000099N300119000000000000000040000000000000000000000000000000000000000000000100010245844961PATRIC DE OLIVEIRA                      BELA VISTA, 1391 CENTRO OURIZONA PR                 87170000                                                            000040
100000 000000000000 00090345100325490REGTIT30646317463223     0002020000005977961600000000002N           2  02000597796105041900000000052970000000099N300119000000000000000040000000000000000000000000000000000000000000000100010245844961PATRIC DE OLIVEIRA                      BELA VISTA, 1391 CENTRO OURIZONA PR                 87170000                                                            000041
100000 000000000000 00090345100325490REGTIT30646317463223     0002020000005977962400000000002N           2  02000597796205051900000000052970000000099N300119000000000000000040000000000000000000000000000000000000000000000100010245844961PATRIC DE OLIVEIRA                      BELA VISTA, 1391 CENTRO OURIZONA PR                 87170000                                                            000042
100000 000000000000 00090345100325490REGTIT30646485341787     0002020000005993536700000000002N           2  01000599353618051900000000047970000000099N180319000000000000000030000000000000000000000000000000000000000000000100005607342980ANDRIA PRIULI CAMARGO                   MILTON EDUARDO LUDERS, 696 CONJUNTO JOAO            87043570                                                            000043
100000 000000000000 00090345100325490REGTIT30646491071449     0002020000005993631200000000002N           2  01000599363108041900000001834160000000099N190319000000000000001220000000000000000000000000000000000000000000000207844741000289HORT MAIS                               AV NOSSA SENHORA DO SABARA, 275 281 VILA            04685000                                                            000044
100000 000000000000 00090345100325490REGTIT30646623720534     0002020000005957831900000000002N           2  01000595783118051900000000110000000000099N201118000000000000000180000000000000000000000000000000000000000000000100012253534919EDUARDO JEAN REIS                       NOEL GOMES DE ALMEIDA, 770 ~SAO MARCOS S            83090145                                                            000045
100000 000000000000 00090345100325490REGTIT30646663702477     0002020000005959763100000000002N           2  01000595976318051900000000200000000000099N301118000000000000000130000000000000000000000000000000000000000000000100005814719893APARECIDA SILVIA PINAZO  DOMINGUES      TENENTE JOAO DAMASCENO PEREIRA, 1 JARDIM            06871120                                                            000046
100000 000000000000 00090345100325490REGTIT30646819945983     0002020000005976767700000000002N           2  02000597676710041900000000560000000000099N220119000000000000000370000000000000000000000000000000000000000000000100011551813874VILMA AP SOARES DA SILVA                PEDRO CANDIDO RANGEL, 183 PARQUE RESIDEN            13458066                                                            000047
100000 000000000000 00090345100325490REGTIT30646950908994     0002020000005985771400000000002N           2  02000598577122031900000000215000000000099N220219000000000000000140000000000000000000000000000000000000000000000100084200812720JOSE RAIMUNDO DOS SANTOS                RUA SETE, 399 JARDIM PAULISTA MONTE MOR             13190000                                                            000048
100000 000000000000 00090345100325490REGTIT30646957569863     0002020000005975445100000000002N           2  02000597544505031900000000348000000000099N140119000000000000000230000000000000000000000000000000000000000000000100083234322953APARECIDO BISPO SANTOS                  DOM PEDRO I, 227 PARQUE OLARIA SANTA BAR            13458012                                                            000049
100000 000000000000 00090345100325490REGTIT30647210859060     0002020000005959641400000000002N           2  02000595964107031900000000175000000000099N301118000000000000000120000000000000000000000000000000000000000000000100004761605960LUCAS BALAN                             EQUADOR, 117 JARDIM VITORIA CAMBE PR                86182135                                                            000050
100000 000000000000 00090345100325490REGTIT30647507968122     0002020000005993647900000000002N           2  01000599364719041900000001620000000000099N190319000000000000001080000000000000000000000000000000000000000000000100022552516807CLAUDIA ANTONIA DE FREITAS              VITORIANO DE OLIVEIRA, 906 JARDIM MITSUT            05791280                                                            000051
100000 000000000000 00090345100325490REGTIT30647635396346     0002020000005938860900000000002N           2  01000593886018051900000000060000000000099N240918000000000000000040000000000000000000000000000000000000000000000100001141986400COSMA  MARIA  NOGUEIRA  ADOLFINO        RUA  TIRADENTES, N 136 VILA  EDUARDO PET            56300000                                                            000052
100000 000000000000 00090345100325490REGTIT30647692799659     0002020000005917600800000000002N           2  01000591760018051900000000530000000000099N180718000000000000000350000000000000000000000000000000000000000000000100029086792804DOUGLAS WIEZEL NEUBURGER                DUQUE DE CAXIAS, 1019 CENTRO SANTA BARBA            13450017                                                            000053
100000 000000000000 00090345100325490REGTIT30648253809081     0002020000005956805400000000002N           2  01000595680518051900000000087500000000099N121118000000000000000060000000000000000000000000000000000000000000000100071591053463DANIELE BARBOSA DA SILVA                RUA ELETRONORTE, 32 A  JOSE MARIA  PETRO            56300000                                                            000054
100000 000000000000 00090345100325490REGTIT30648591543291     0002020000005940289P00000000002N           2  02000594028910031900000000100000000000099N021018000000000000000070000000000000000000000000000000000000000000000100017020662404CLAUDEMIRO ALVES DA SILVA               RUA: AURELINA DIAS DO NASCIMENTO, 25 COH            56300000                                                            000055
100000 000000000000 00090345100325490REGTIT30648594709585     0002020000005938004700000000002N           2  01000593800418051900000000602000000000099N180918000000000000000400000000000000000000000000000000000000000000000100005000603982RODRIGO EMANUEL FERREIRA                AVENIDA COLONIA, 1303 SOB 164 PLANTA ARA            83301590                                                            000056
100000 000000000000 00090345100325490REGTIT30648604261506     0002020000005978920400000000002N           2  01000597892018051900000000200000000000099N070219000000000000000130000000000000000000000000000000000000000000000100069792224068FABIO PETTENON                          ALAGOAS, 520A JUCARA IMPERATRIZ MA                  65919170                                                            000057
100000 000000000000 00090345100325490REGTIT30648864709374     0002020000005985203800000000002N           2  01000598520318051900000000201750000000099N180219000000000000000130000000000000000000000000000000000000000000000100010244805938CLEYTON MONTOLI                         JACKSON LUIZ PAVIN, 236 CASA 02 ROCA GRA            83402194                                                            000058
100000 000000000000 00090345100325490REGTIT30649098579895     0002020000005993641P00000000002N           2  01000599364119041900000003225000000000099N190319000000000000002150000000000000000000000000000000000000000000000100002818468809CECILIA FERREIRA FERNANDES              FRANCISCO DE HOLANDA, 665 JARDIM MARIA V            05761210                                                            000059
100000 000000000000 00090345100325490REGTIT30649307222523     0002020000005993645200000000002N           2  01000599364519041900000001800000000000099N190319000000000000001200000000000000000000000000000000000000000000000100037620400877CARLOS RABELO XAVIER                    CARLOS LACERDA - ATE 679/680, 25 PIRAJUS            05789000                                                            000060
100000 000000000000 00090345100325490REGTIT30649531727068     0002020000005948152800000000002N           2  01000594815218051900000000130000000000099N191018000000000000000090000000000000000000000000000000000000000000000100000926062450MARIA DE LOURDES BEZERRA AMORIM         RUA L1 BLOCO RIO VERMELHO, AP 01 VIVENDA            56300000                                                            000061
100000 000000000000 00090345100325490REGTIT30649559805140     0002020000005958861600000000002N           2  02000595886128021900000000040950000000099N261118000000000000000030000000000000000000000000000000000000000000000100006517923985RITA DE CASSIA DE OLIVEIRA              CATARINENSE, 472 CASA CENTRO OURIZONA PR            87170000                                                            000062
100000 000000000000 00090345100325490REGTIT30649647144286     0002020000005993632000000000002N           2  01000599363220041900000000128610000000099N190319000000000000000090000000000000000000000000000000000000000000000100002071281110LUCIENE SOUZA DOS SANTOS                DA BRISA, 0 Q77 LT07 CIDADE LIVRE APAREC            74970080                                                            000063
100000 000000000000 00090345100325490REGTIT30649657242161     0002020000005927537500000000002N           2  01000592753718051900000000380000000000099N180818000000000000000250000000000000000000000000000000000000000000000100069991561404MARIA JOSÉ ALVES DO NASCIMENTO          CRESTINS, 335 CASA 02 JARDIM LEONIDAS MO            05792060                                                            000064
100000 000000000000 00090345100325490REGTIT30649831466815     0002020000005978603500000000002N           2  02000597860310031900000000024100000000099N050219000000000000000020000000000000000000000000000000000000000000000100010833596900ALINE CARMO DA SILVA                    INDEPENDENCIA, 602 CASA CENTRO OURIZONA             87170000                                                            000065
9                                                                                                                                                                                                                                                                                                                                                                                                         000066