01REMESSA01COBRANCA       00000000000004972103WC SISTEMAS E EQUIPAMENTOS DE 237BRADESCO       280319        MX0002672                                                                                                                                                                                                                                                                                     000001
100000 000000000000 00090345100240370REGTIT26721811072389     0002020000005956324900000000002N           2  02181107238930111800000000089900000000099N091118000000000000000130000000000000000000000000000000000000000000000231264654000156BEATRIZ DANIELA DE CASTRO               R PEDRO HANSAUL, 125                                81070220                                                            000002
100000 000000000000 00090345100240370REGTIT26721812008369     0002020000005960789000000000002N           2  02181200836928121800000000246700000000099N061218000000000000000370000000000000000000000000000000000000000000000208321589000131COMERCIO DE ROUPAS RODRIGUES E SOUZA LTDRUA SOFIA MARIA MORESCHI, 480                       83055500                                                            000003
100000 000000000000 00090345100240370REGTIT26721812064121     0002020000005961777200000000002N           2  02181206412128121800000000339700000000099N061218000000000000000510000000000000000000000000000000000000000000000213832680000151ANDRE MARTINS COSTA - AUTO PECAS - EPP  RODOVIA BR-116, 13778                               81690200                                                            000004
100000 000000000000 00090345100240370REGTIT26721812067197     0002020000005962762P00000000002N           2  02181206719728121800000000259700000000099N061218000000000000000390000000000000000000000000000000000000000000000207736268000135L MUNARO EPP                            RUA DOUTOR ALVARO ALBUQUERQUE, 63                   80710490                                                            000005
100000 000000000000 00090345100240370REGTIT26721812070577     0002020000005964013800000000002N           2  02181207057728121800000000239700000000099N061218000000000000000360000000000000000000000000000000000000000000000202362570000157REGINA GONCALVES DOS SANTOS ME          JOAQUIM SIMOES, 285                                 81150319                                                            000006
100000 000000000000 00090345100240370REGTIT26721812072389     0002020000005965298500000000002N           2  02181207238928121800000000089900000000099N061218000000000000000130000000000000000000000000000000000000000000000231264654000156BEATRIZ DANIELA DE CASTRO               R PEDRO HANSAUL, 125                                81070220                                                            000007
100000 000000000000 00090345100240370REGTIT26721812072815     0002020000005965695600000000002N           2  02181207281528121800000000099800000000099N061218000000000000000150000000000000000000000000000000000000000000000230948834000194GUSTAVO GABRIEL SILVA DE OLIVEIRA       AVENIDA TRES MARIAS, 182                            82310000                                                            000008
100000 000000000000 00090345100240370REGTIT26721901008369     0002020000005970394600000000002N           2  02190100836930011900000000138300000000099N110119000000000000000210000000000000000000000000000000000000000000000208321589000131COMERCIO DE ROUPAS RODRIGUES E SOUZA LTDRUA SOFIA MARIA MORESCHI, 480                       83055500                                                            000009
100000 000000000000 00090345100240370REGTIT26721901064121     0002020000005971351800000000002N           2  02190106412130011900000000184800000000099N110119000000000000000280000000000000000000000000000000000000000000000213832680000151ANDRE MARTINS COSTA - AUTO PECAS - EPP  RODOVIA BR-116, 13778                               81690200                                                            000010
100000 000000000000 00090345100240370REGTIT26721901067197     0002020000005972311400000000002N           2  02190106719730011900000000144800000000099N110119000000000000000220000000000000000000000000000000000000000000000207736268000135L MUNARO EPP                            RUA DOUTOR ALVARO ALBUQUERQUE, 63                   80710490                                                            000011
100000 000000000000 00090345100240370REGTIT26721901070577     0002020000005973517100000000002N           2  02190107057730011900000000134800000000099N110119000000000000000200000000000000000000000000000000000000000000000202362570000157REGINA GONCALVES DOS SANTOS ME          JOAQUIM SIMOES, 285                                 81150319                                                            000012
100000 000000000000 00090345100240370REGTIT26721901072389     0002020000005974708000000000002N           2  02190107238930011900000000089900000000099N110119000000000000000130000000000000000000000000000000000000000000000231264654000156BEATRIZ DANIELA DE CASTRO               R PEDRO HANSAUL, 125                                81070220                                                            000013
100000 000000000000 00090345100240370REGTIT26721901072763     0002020000005975042100000000002N           2  02190107276330011900000000512680000000099N110119000000000000000770000000000000000000000000000000000000000000000202652992000167PRECTOBENS ASSESSORIA EMPRESARIAL LTDA  REPUBLICA DA SIRIA , 165                            80010981                                                            000014
100000 000000000000 00090345100240370REGTIT26721901072815     0002020000005975093600000000002N           2  02190107281530011900000000099800000000099N110119000000000000000150000000000000000000000000000000000000000000000230948834000194GUSTAVO GABRIEL SILVA DE OLIVEIRA       AVENIDA TRES MARIAS, 182                            82310000                                                            000015
100000 000000000000 00090345100240370REGTIT26721902008369     0002020000005979241800000000002N           2  02190200836928021900000000138300000000099N080219000000000000000210000000000000000000000000000000000000000000000208321589000131COMERCIO DE ROUPAS RODRIGUES E SOUZA LTDRUA SOFIA MARIA MORESCHI, 480                       83055500                                                            000016
100000 000000000000 00090345100240370REGTIT26721902064121     0002020000005980173500000000002N           2  02190206412128021900000000184800000000099N080219000000000000000280000000000000000000000000000000000000000000000213832680000151ANDRE MARTINS COSTA - AUTO PECAS - EPP  RODOVIA BR-116, 13778                               81690200                                                            000017
100000 000000000000 00090345100240370REGTIT26721902067197     0002020000005981108000000000002N           2  02190206719728021900000000144800000000099N080219000000000000000220000000000000000000000000000000000000000000000207736268000135L MUNARO EPP                            RUA DOUTOR ALVARO ALBUQUERQUE, 63                   80710490                                                            000018
100000 000000000000 00090345100240370REGTIT26721902070577     0002020000005982273200000000002N           2  02190207057728021900000000134800000000099N080219000000000000000200000000000000000000000000000000000000000000000202362570000157REGINA GONCALVES DOS SANTOS ME          JOAQUIM SIMOES, 285                                 81150319                                                            000019
100000 000000000000 00090345100240370REGTIT26721902072389     0002020000005983400500000000002N           2  02190207238928021900000000089900000000099N080219000000000000000130000000000000000000000000000000000000000000000231264654000156BEATRIZ DANIELA DE CASTRO               R PEDRO HANSAUL, 125                                81070220                                                            000020
100000 000000000000 00090345100240370REGTIT26721902072763     0002020000005983702000000000002N           2  02190207276328021900000000416850000000099N080219000000000000000630000000000000000000000000000000000000000000000202652992000167PRECTOBENS ASSESSORIA EMPRESARIAL LTDA  REPUBLICA DA SIRIA , 165                            80010981                                                            000021
100000 000000000000 00090345100240370REGTIT26721902072815     0002020000005983749700000000002N           2  02190207281528021900000000099800000000099N080219000000000000000150000000000000000000000000000000000000000000000230948834000194GUSTAVO GABRIEL SILVA DE OLIVEIRA       AVENIDA TRES MARIAS, 182                            82310000                                                            000022
100000 000000000000 00090345100240370REGTIT26721903000073     0002020000005987814200000000002N           2  01190300007329031900000000004950000000099N130319000000000000000010000000000000000000000000000000000000000000000208745918000172WC SISTEMAS E EQUIPAMENTOS DE INFORMATICAVENIDA CANDIDO DE ABREU, 70                        80530000                                                            000023
100000 000000000000 00090345100240370REGTIT26721903000764     0002020000005987821500000000002N           2  01190300076429031900000004682060000000099N130319000000000000007020000000000000000000000000000000000000000000000208745918000172DEPARTAMENTO COMERCIAL CURITIBA         9AV CANDIDO DE ABREU, 70                            80530000                                                            000024
100000 000000000000 00090345100240370REGTIT26721903001068     0002020000005987822300000000002N           2  02190300106829031900000000021150000000099N130319000000000000000030000000000000000000000000000000000000000000000211324664000122ATUAL SOLUCOES EM ANALISE E RECUPERAÇÃO RUA SENADOR SOUZA NAVES, 09                         86010160                                                            000025
100000 000000000000 00090345100240370REGTIT26721903004835     0002020000005987845200000000002N           2  02190300483529031900000000004950000000099N130319000000000000000010000000000000000000000000000000000000000000000293215408000161WEB CONTROL EMPRESAS- FRANQUIA PORTO ALERUA DA ESPERANCA, 79                                91920240                                                            000026
100000 000000000000 00090345100240370REGTIT26721903008369     0002020000005987886P00000000002N           2  02190300836929031900000000138300000000099N130319000000000000000210000000000000000000000000000000000000000000000208321589000131COMERCIO DE ROUPAS RODRIGUES E SOUZA LTDRUA SOFIA MARIA MORESCHI, 480                       83055500                                                            000027
100000 000000000000 00090345100240370REGTIT26721903040933     0002020000005988176300000000002N           2  02190304093329031900000000004950000000099N130319000000000000000010000000000000000000000000000000000000000000000100016864786072WEB CONTROL EMPRESAS- FRANQUIA PORTO ALEAV OTTO NIEMEYER, 2522                              91010001                                                            000028
100000 000000000000 00090345100240370REGTIT26721903064121     0002020000005988774500000000002N           2  02190306412129031900000000184800000000099N130319000000000000000280000000000000000000000000000000000000000000000213832680000151ANDRE MARTINS COSTA - AUTO PECAS - EPP  RODOVIA BR-116, 13778                               81690200                                                            000029
100000 000000000000 00090345100240370REGTIT26721903067197     0002020000005989686800000000002N           2  02190306719729031900000000144800000000099N130319000000000000000220000000000000000000000000000000000000000000000207736268000135L MUNARO EPP                            RUA DOUTOR ALVARO ALBUQUERQUE, 63                   80710490                                                            000030
100000 000000000000 00090345100240370REGTIT26721903070577     0002020000005990814900000000002N           2  02190307057729031900000000109900000000099N130319000000000000000160000000000000000000000000000000000000000000000202362570000157REGINA GONCALVES DOS SANTOS ME          JOAQUIM SIMOES, 285                                 81150319                                                            000031
100000 000000000000 00090345100240370REGTIT26721903072389     0002020000005991872100000000002N           2  02190307238929031900000000089900000000099N130319000000000000000130000000000000000000000000000000000000000000000231264654000156BEATRIZ DANIELA DE CASTRO               R PEDRO HANSAUL, 125                                81070220                                                            000032
100000 000000000000 00090345100240370REGTIT26721903072763     0002020000005992146300000000002N           2  02190307276329031900000000129900000000099N130319000000000000000190000000000000000000000000000000000000000000000202652992000167PRECTOBENS ASSESSORIA EMPRESARIAL LTDA  REPUBLICA DA SIRIA , 165                            80010981                                                            000033
100000 000000000000 00090345100240370REGTIT26721903072815     0002020000005992187000000000002N           2  02190307281529031900000000099800000000099N130319000000000000000150000000000000000000000000000000000000000000000230948834000194GUSTAVO GABRIEL SILVA DE OLIVEIRA       AVENIDA TRES MARIAS, 182                            82310000                                                            000034
100000 000000000000 00090345100240370REGTIT2672996886991866   0002020090005918987900000000002N           2  02996886991802081800000000269700000000099N250718000000000000000400000000000000000000000000000000000000000000000202228175000186EIGENSTUHLER MATERIAIS DE CONSTRUCAO LTDRUA SANTA MARIA, 780                                83408560                                                            000035
100000 000000000000 00090345100240370REGTIT2672997056416084   0002020090005993851000000000002N           2  02997056416020031900000000369100000000099N190319000000000000000550000000000000000000000000000000000000000000000228473744000142SUPER DIESEL SOROCABA EIRELLI           RUA RUBIAO DE ALMEIDA, 1062                         18076290                                                            000036
9                                                                                                                                                                                                                                                                                                                                                                                                         000037