01REMESSA01COBRANCA       00000000000004852239ISPCN                         237BRADESCO       280319        MX0003143                                                                                                                                                                                                                                                                                     000001
100000 000000000000 00090345100325490REGTIT31431612180512     0002020000005898631600000000002N           2  02000589863118031900000000110000000000099N210518000000000000000070000000000000000000000000000000000000000000000100002699919489FRANCISCO DE JESUS NASCIMENTO           10, 45 SÃO JORGE PETROLINA PE                       56300000                                                            000002
100000 000000000000 00090345100325490REGTIT31432285771104     0002020000005986295500000000002N           2  02000598629505041900000000052230000000099N280219000000000000000030000000000000000000000000000000000000000000000100097167584991CECILIA BEATRIZ SABINO BASTOS           ARITA, 330 CENTRO OURIZONA PR                       87170000                                                            000003
100000 000000000000 00090345100325490REGTIT31433027963418     0002020000005993393300000000002N           2  02000599339310041900000000348330000000099N160319000000000000000230000000000000000000000000000000000000000000000100093984642334RAIMUNDA PEREIRA SOUSA                  QUADRA 88 CONJ. A LOTE, 11 CS 18 COND SA            72925230                                                            000004
100000 000000000000 00090345100325490REGTIT31433052683807     0002020000005996015900000000002N           2  01000599601510041900000000170000000000099N280319000000000000000110000000000000000000000000000000000000000000000100030928026833MARIA SOBRAL                            BRAGANCA PAULISTA, 211 RESIDENCIAL SAO J            13453111                                                            000005
100000 000000000000 00090345100325490REGTIT31433052683807     0002020000005996016700000000002N           2  01000599601610051900000000170000000000099N280319000000000000000110000000000000000000000000000000000000000000000100030928026833MARIA SOBRAL                            BRAGANCA PAULISTA, 211 RESIDENCIAL SAO J            13453111                                                            000006
100000 000000000000 00090345100325490REGTIT31434835344764     0002020000005986292000000000002N           2  02000598629205041900000000048570000000099N280219000000000000000030000000000000000000000000000000000000000000000100003140711999ANGELA MARIA DE SOUZA ROSADA            CAMPO GRANDE, 982 CENTRO OURIZONA PR                87170000                                                            000007
100000 000000000000 00090345100325490REGTIT31435914858194     0002020000005898539500000000002N           2  02000589853923031900000000370000000000099N200518000000000000000250000000000000000000000000000000000000000000000100035679668807FELIPE ANTONIO ARAUJO NASCIMENTO        ODEMIS, 100 JARDIM UMUARAMA SAO PAULO SP            05783180                                                            000008
100000 000000000000 00090345100325490REGTIT31436207105057     0002020000005995973800000000002N           2  01000599597328041900000004900000000000099N280319000000000000003270000000000000000000000000000000000000000000000100033954145820NOELIA SILVA DE JESUS MIRANDA           RUA ARAGUAIA, 144 PARANAPANEMA EMBU DAS             06826450                                                            000009
100000 000000000000 00090345100325490REGTIT31437897628682     0002020000005995974600000000002N           2  01000599597405041900000000150000000000099N280319000000000000000100000000000000000000000000000000000000000000000100040747751315JOÃO BATISTA MARANHÃO CARVALHO          JARAGUA DO SUL, 931 RESIDENCIAL JARAGUA             78558130                                                            000010
100000 000000000000 00090345100325490REGTIT31437897628682     0002020000005995975400000000002N           2  01000599597505051900000000150000000000099N280319000000000000000100000000000000000000000000000000000000000000000100040747751315JOÃO BATISTA MARANHÃO CARVALHO          JARAGUA DO SUL, 931 RESIDENCIAL JARAGUA             78558130                                                            000011
9                                                                                                                                                                                                                                                                                                                                                                                                         000012