01REMESSA01COBRANCA       00000000000004852239ISPCN                         237BRADESCO       270319        MX0003133                                                                                                                                                                                                                                                                                     000001
100000 000000000000 00090345100325490REGTIT31331443441580     0002020000005937350400000000002N           2  02000593735013031900000000075000000000099N140918000000000000000050000000000000000000000000000000000000000000000100092721320530JOSÉ MARQUES BRANDÃO NETO               RUA 05, 10 JARDIM FLORIDA  JUAZEIRO  BA             56300000                                                            000002
100000 000000000000 00090345100325490REGTIT31333464478651     0002020000005965859200000000002N           2  02000596585905031900000000120000000000099N071218000000000000000080000000000000000000000000000000000000000000000100002665712202ARIELLY CRISTINA DE ANDRADE SERRA       SANTA ISABEL, 697 CRUZEIRO (ICOARACI) BE            66810090                                                            000003
100000 000000000000 00090345100325490REGTIT31334587654893     0002020000005979057100000000002N           2  02000597905728031900000000045000000000099N080219000000000000000030000000000000000000000000000000000000000000000100025535442860MARIA JOSE MARTINS                      RUA DOZE, 101 JARDIM ALVORADA MONTE MOR             13190000                                                            000004
100000 000000000000 00090345100325490REGTIT31334754872967     0002020000005995822700000000002N           2  01000599582227041900000002000000000000099N270319000000000000001330000000000000000000000000000000000000000000000100026298710884AGNALDO CRUZ SANTANA                    CABAXI, 91 JARDIM LEONIDAS MOREIRA SAO P            05792000                                                            000005
100000 000000000000 00090345100325490REGTIT31334859865316     0002020000005959187000000000002N           2  02000595918728021900000000122500000000099N281118000000000000000080000000000000000000000000000000000000000000000100005973028470CLEZILDA LAYS RODRIGUES DA COSTA        RUA FURNA, S|N PONTA DA SERRA PETROLINA             56300000                                                            000006
100000 000000000000 00090345100325490REGTIT31336313088002     0002020000005995824300000000002N           2  01000599582427041900000001794000000000099N270319000000000000001200000000000000000000000000000000000000000000000100027969400809TAIS DOS SANTOS PIRES                   RUA FILIPINAS, 1617 PARQUE PARAISO  ITAP            06852270                                                            000007
100000 000000000000 00090345100325490REGTIT31336906776444     0002020000005957791600000000002N           2  02000595779120031900000000170000000000099N201118000000000000000110000000000000000000000000000000000000000000000100081844395200ELZIMARI RODRIGUES FIEL                 DAS PAMPOLAS  CONJUNTO: JARDIM RENASCENT            66825280                                                            000008
100000 000000000000 00090345100325490REGTIT31337260228022     0002020000005984591000000000002N           2  02000598459110031900000000264000000000099N130219000000000000000180000000000000000000000000000000000000000000000100083298584991AURO LEANDRO VAZ                        MANOEL MARASSATI, 77 SAO SEBASTIAO SAO J            83075178                                                            000009
100000 000000000000 00090345100325490REGTIT31337282528695     0002020000005959223000000000002N           2  02000595922328021900000000130000000000099N281118000000000000000090000000000000000000000000000000000000000000000100026417477827MARIA AP DE SOUZA SOARES                ANTONIO BATAGIN, 97 PARQUE ELDORADO SANT            13458469                                                            000010
100000 000000000000 00090345100325490REGTIT31337553346815     0002020000005950406400000000002N           2  02000595040615031900000000056250000000099N051118000000000000000040000000000000000000000000000000000000000000000100007455975481FRANCISCA LAIANE ALVES DA SILVA         19, 251 JARDIM GUANABARA  PETROLINA  PE             56300000                                                            000011
100000 000000000000 00090345100325490REGTIT31337561714752     0002020000005967172600000000002N           2  02000596717227031900000000044100000000099N141218000000000000000030000000000000000000000000000000000000000000000100008778073960ADAILTON DO NASCIMENTO MENEZES          PIONEIRO MIGUEL ELVIRA, 13 CONJ AMADO OU            87170000                                                            000012
100000 000000000000 00090345100325490REGTIT31337701058689     0002020000005995818900000000002N           2  01000599581827041900000000701330000000099N270319000000000000000470000000000000000000000000000000000000000000000100032749195861EDMILSON ASSIS GOMES                    RUA KOTOMITSUTANI,, 449 PIRAJUSSARA SAO             05791001                                                            000013
100000 000000000000 00090345100325490REGTIT31338908830558     0002020000005956773200000000002N           2  02000595677307031900000000161580000000099N121118000000000000000110000000000000000000000000000000000000000000000100082528020449RITA ANA RODRIGUES                      AVENIDA 2, 70 MANDACARU  PETROLINA  PE              56300000                                                            000014
100000 000000000000 00090345100325490REGTIT31339602058293     0002020000005995820000000000002N           2  01000599582027041900000001575000000000099N270319000000000000001050000000000000000000000000000000000000000000000100044967114865ANDRESSA SANTOS LIMA DA SILVA           OZIAS TEODORO DE SOUZA, 105 SÍTIO DAS MA            06784289                                                            000015
9                                                                                                                                                                                                                                                                                                                                                                                                         000016