01REMESSA01COBRANCA       00000000000004972103WC SISTEMAS E EQUIPAMENTOS DE 237BRADESCO       260319        MX0002657                                                                                                                                                                                                                                                                                     000001
100000 000000000000 00090345100240370REGTIT26571810052861     0002020000005941887700000000002N           2  04181005286130101800000000164900000000099N081018000000000000000250000000000000000000000000000000000000000012700208949156000206OLIVEIRA & CARVALHO LTDA - ME           R GILBERTO VILHALVA OVIEDO , 612                    79975000                                                            000002
100000 000000000000 00090345100240370REGTIT26571810068637     0002020000005943986600000000002N           2  04181006863730101800000000130300000000099N081018000000000000000200000000000000000000000000000000000000000008670221522117000105EMPORIO DO OCULOS COMERCIO EIRELI ME    RUA ESIO CARDOSO DA FONSECA, 44                     28920000                                                            000003
100000 000000000000 00090345100240370REGTIT26571811052861     0002020000005952107400000000002N           2  04181105286130111800000000177900000000099N091118000000000000000270000000000000000000000000000000000000000005430208949156000206OLIVEIRA & CARVALHO LTDA - ME           R GILBERTO VILHALVA OVIEDO , 612                    79975000                                                            000004
100000 000000000000 00090345100240370REGTIT26571902062749     0002020000005980016P00000000002N           2  02190206274928021900000000174800000000099N080219000000000000000260000000000000000000000000000000000000000000000217470656000170FALCON ALARMES LTDA                     RUA CEARA, 450                                      68633000                                                            000005
100000 000000000000 00090345100240370REGTIT26571903000073     0002020000005987814200000000002N           2  01190300007329031900000000004950000000099N130319000000000000000010000000000000000000000000000000000000000000000208745918000172WC SISTEMAS E EQUIPAMENTOS DE INFORMATICAVENIDA CANDIDO DE ABREU, 70                        80530000                                                            000006
100000 000000000000 00090345100240370REGTIT26571903000764     0002020000005987821500000000002N           2  01190300076429031900000004682060000000099N130319000000000000007020000000000000000000000000000000000000000000000208745918000172DEPARTAMENTO COMERCIAL CURITIBA         9AV CANDIDO DE ABREU, 70                            80530000                                                            000007
9                                                                                                                                                                                                                                                                                                                                                                                                         000008