01REMESSA01COBRANCA       00000000000004972103WC SISTEMAS E EQUIPAMENTOS DE 237BRADESCO       070319        MX0002602                                                                                                                                                                                                                                                                                     000001
100000 000000000000 00090345100240370REGTIT26021902069570     0002020000005981888300000000002N           2  02190206957028021900000000144800000000099N080219000000000000000220000000000000000000000000000000000000000000000222887575000100VALDERINO DE QUADROS                    RUA ANNA DE MACEDO PORTUGAL, 145                    81490586                                                            000002
100000 000000000000 00090345100240370REGTIT2602996273519690   0002020090005970316500000000002N           2  02996273519611011900000000250000000000099N110119000000000000000380000000000000000000000000000000000000000000000208745918000171WC SISTEMAS E EQUIPAMENTOS DE INFORMATICAVENIDA CANDIDO DE ABREU, 70                        80530000                                                            000003
9                                                                                                                                                                                                                                                                                                                                                                                                         000004