01REMESSA01COBRANCA       00000000000004852239ISPCN                         237BRADESCO       040319        MX0002936                                                                                                                                                                                                                                                                                     000001
100000 000000000000 00090345100325490REGTIT29362152091852     0002020000005946771100000000002N           2  02000594677110021900000000038550000000099N101018000000000000000030000000000000000000000000000000000000000000000100006737852971DYEIME MORAES PAZ                       SAO VICENTE, 654 CENTRO OURIZONA PR                 87170000                                                            000002
100000 000000000000 00090345100325490REGTIT29362152091852     0002020000005946772P00000000002N           2  02000594677210031900000000038550000000099N101018000000000000000030000000000000000000000000000000000000000000000100006737852971DYEIME MORAES PAZ                       SAO VICENTE, 654 CENTRO OURIZONA PR                 87170000                                                            000003
100000 000000000000 00090345100325490REGTIT29362728480986     0002020000005986534200000000002N           2  01000598653410041900000000210000000000099N040319000000000000000140000000000000000000000000000000000000000000000100065357590320MARIA DO OM PARTO GARCIA MONTEIRO       VASCO DA GAMA (VL S PEDRO), 40 MONTANHAO            09784340                                                            000004
100000 000000000000 00090345100325490REGTIT29363157560771     0002020000005986532600000000002N           2  01000598653204041900000000050000000000099N040319000000000000000030000000000000000000000000000000000000000000000100004841371583ELIENE BARBOSA DE SANTANA               POVOADO VILA NOVA, S|N CENTRO SAO DESIDE            47820000                                                            000005
100000 000000000000 00090345100325490REGTIT29363797840604     0002020000005986537700000000002N           2  01000598653704041900000000100000000000099N040319000000000000000070000000000000000000000000000000000000000000000100002528343990ROSELI DA SILVA DE PAULA                MATO BRANCO, 1 ZONA RURAL CHOPINZINHO PR            85560000                                                            000006
100000 000000000000 00090345100325490REGTIT29364586435428     0002020000005986533400000000002N           2  01000598653304041900000000050000000000099N040319000000000000000030000000000000000000000000000000000000000000000100004841371583ELIENE BARBOSA DE SANTANA               POVOADO VILA NOVA, S|N CENTRO SAO DESIDE            47820000                                                            000007
100000 000000000000 00090345100325490REGTIT29365816220872     0002020000005978255200000000002N           2  02000597825507021900000000250000000000099N020219000000000000000170000000000000000000000000000000000000000000000100037966468836ADRIELLE JORGE MORE                     DOM PEDRO DE ALCANTARA VL S PEDRO, 565 M            09784000                                                            000008
100000 000000000000 00090345100325490REGTIT29365816220872     0002020000005978256000000000002N           2  02000597825620021900000000250000000000099N020219000000000000000170000000000000000000000000000000000000000000000100037966468836ADRIELLE JORGE MORE                     DOM PEDRO DE ALCANTARA VL S PEDRO, 565 M            09784000                                                            000009
100000 000000000000 00090345100325490REGTIT29365816220872     0002020000005978257900000000002N           2  02000597825707031900000000250000000000099N020219000000000000000170000000000000000000000000000000000000000000000100037966468836ADRIELLE JORGE MORE                     DOM PEDRO DE ALCANTARA VL S PEDRO, 565 M            09784000                                                            000010
100000 000000000000 00090345100325490REGTIT29365816220872     0002020000005978258700000000002N           2  02000597825820031900000000250000000000099N020219000000000000000170000000000000000000000000000000000000000000000100037966468836ADRIELLE JORGE MORE                     DOM PEDRO DE ALCANTARA VL S PEDRO, 565 M            09784000                                                            000011
100000 000000000000 00090345100325490REGTIT29367513561795     0002020000005986536900000000002N           2  01000598653604041900000000250000000000099N040319000000000000000170000000000000000000000000000000000000000000000100000215259513MARIA  OZANETE BARBOSA REIS             02 DE JULHO, 45 CENTRO SAO DESIDERIO BA             47820000                                                            000012
9                                                                                                                                                                                                                                                                                                                                                                                                         000013