01REMESSA01COBRANCA       00000000000004852239ISPCN                         237BRADESCO       010319        MX0002927                                                                                                                                                                                                                                                                                     000001
100000 000000000000 00090345100325490REGTIT29271391324599     0002020000005977091000000000002N           2  02000597709104031900000000190000000000099N240119000000000000000130000000000000000000000000000000000000000000000100028992245149LUZIA FELIZADOS DA ROCHA                JADER BARBALHO, 2678 AGUA BOA (OUTEIRO)             66843650                                                            000002
100000 000000000000 00090345100325490REGTIT29272096607875     0002020000005968557300000000002N           2  02000596855724021900000000027400000000099N241218000000000000000020000000000000000000000000000000000000000000000100010245821910IRIS DE OLIVEIRA                        BELA VISTA, 0 CENTRO OURIZONA PR                    87170000                                                            000003
100000 000000000000 00090345100325490REGTIT29272245217325     0002020000005950735700000000002N           2  02000595073505031900000000116670000000099N061118000000000000000080000000000000000000000000000000000000000000000100031155421434MARIA DE LOURDES DO NASCIMENTO          RUA DELFIM, N 10 LOTE PADRE CICERO PETRO            56300000                                                            000004
100000 000000000000 00090345100325490REGTIT29272289930271     0002020000005950088300000000002N           2  02000595008810031900000000225000000000099N011118000000000000000150000000000000000000000000000000000000000000000100018126812249MARIA DA CONCEIÇÃO FERREIRA DIAS        DEODORO DA FONSECA, 1979 BRASILIA (OUTEI            66845440                                                            000005
100000 000000000000 00090345100325490REGTIT29272786043613     0002020000005979016400000000002N           2  02000597901605031900000000080000000000099N080219000000000000000050000000000000000000000000000000000000000000000100023864491819JOSUE ROBERT                            MUNIQUE, 46 VILA ENGENHO NOVO BARUERI SP            06416140                                                            000006
100000 000000000000 00090345100325490REGTIT29274627194752     0002020000005986421400000000002N           2  01000598642113031900000000350000000000099N010319000000000000000230000000000000000000000000000000000000000000000100001633181820VILMA M POSSIGUELLO                     FORTALEZA, 215 CIDADE NOVA SANTA BARBARA            13454424                                                            000007
100000 000000000000 00090345100325490REGTIT29275128362373     0002020000005977510600000000002N           2  02000597751026031900000000042500000000099N260119000000000000000030000000000000000000000000000000000000000000000100062153706904NATALICE SALES DE OLIVEIRA              EUCLIDES DA CUNHA, 560 CENTRO OURIZONA P            87170000                                                            000008
100000 000000000000 00090345100325490REGTIT29275174942186     0002020000005956560800000000002N           2  02000595656005031900000000270000000000099N101118000000000000000180000000000000000000000000000000000000000000000100010882596268MARIA DAS DORES DOS SANTOS RODRIGUES    BRASILIA _ PASS. SÃO JORGE, 139 ICOARACI            06682268                                                            000009
100000 000000000000 00090345100325490REGTIT29275952159095     0002020000005968321P00000000002N           2  02000596832110031900000000038960000000099N211218000000000000000030000000000000000000000000000000000000000000000100010102971986CAMILA DOS SANTOS FERBONI               MACHADO DE ASSIS, 923 CENTRO OURIZONA PR            87170000                                                            000010
100000 000000000000 00090345100325490REGTIT29276039045527     0002020000005986413300000000002N           2  01000598641310031900000000500000000000099N010319000000000000000330000000000000000000000000000000000000000000000100003878153929CAMILA CRISTINA DE ARAUJO               BERNARDO MICHEL, 688 VILA ROSA PIRAQUARA            83304000                                                            000011
100000 000000000000 00090345100325490REGTIT29276039045527     0002020000005986414100000000002N           2  01000598641410041900000000500000000000099N010319000000000000000330000000000000000000000000000000000000000000000100003878153929CAMILA CRISTINA DE ARAUJO               BERNARDO MICHEL, 688 VILA ROSA PIRAQUARA            83304000                                                            000012
100000 000000000000 00090345100325490REGTIT29276080420369     0002020000005979012100000000002N           2  02000597901205031900000000376670000000099N080219000000000000000250000000000000000000000000000000000000000000000100023915982890STEPHANIE MILORD                        CAPITAO FRANCISCO CEZAR, 1496 VILA PINDO            06415000                                                            000013
100000 000000000000 00090345100325490REGTIT29277210859060     0002020000005959640600000000002N           2  02000595964007021900000000175000000000099N301118000000000000000120000000000000000000000000000000000000000000000100004761605960LUCAS BALAN                             EQUADOR, 117 JARDIM VITORIA CAMBE PR                86182135                                                            000014
100000 000000000000 00090345100325490REGTIT29277733981054     0002020000005968326000000000002N           2  02000596832610031900000000051700000000099N211218000000000000000030000000000000000000000000000000000000000000000100010102971986CAMILA DOS SANTOS FERBONI               MACHADO DE ASSIS, 923 CENTRO OURIZONA PR            87170000                                                            000015
100000 000000000000 00090345100325490REGTIT29277987976032     0002020000005949878100000000002N           2  02000594987828021900000000186670000000099N311018000000000000000120000000000000000000000000000000000000000000000100079062296300MARINEIDE  MARIA  LOPES  VASQUES        RUA 51, N 37 JOAO DE DEUS PETROLINA  PE             56300000                                                            000016
100000 000000000000 00090345100325490REGTIT29279876927067     0002020000005986416800000000002N           2  01000598641606041900000000130000000000099N010319000000000000000090000000000000000000000000000000000000000000000100063439190820LEDA BARBOSA LOMBA                      DA GAITA DE FOLES, 247 JARDIM SANTA ZELI            04933040                                                            000017
9                                                                                                                                                                                                                                                                                                                                                                                                         000018