01REMESSA01COBRANCA       00000000000004972103WC SISTEMAS E EQUIPAMENTOS DE 237BRADESCO       140319        MX0002625                                                                                                                                                                                                                                                                                     000001
100000 000000000000 00090345100240370REGTIT26251707067747     0002020000005770885100000000002N           2  02170706774731071700000000079900000000099N110717000000000000000120000000000000000000000000000000000000000000000214476924000173LUCAS LOPES DOS SANTOS                  RUA POETA BERNARDO GUIMARAES, 412                   81470230                                                            000002
100000 000000000000 00090345100240370REGTIT26251708067747     0002020000005782207700000000002N           2  02170806774731081700000000079900000000099N080817000000000000000120000000000000000000000000000000000000000000000214476924000173LUCAS LOPES DOS SANTOS                  RUA POETA BERNARDO GUIMARAES, 412                   81470230                                                            000003
9                                                                                                                                                                                                                                                                                                                                                                                                         000004