01REMESSA01COBRANCA       00000000000004852239ISPCN                         237BRADESCO       110319        MX0003001                                                                                                                                                                                                                                                                                     000001
100000 000000000000 00090345100325490REGTIT30011181152889     0002020000005928604000000000002N           2  02000592860420021900000000170000000000099N250818000000000000000110000000000000000000000000000000000000000000000100028361131892MARILENE QUEIROZ MASCARANHA             ANTENOR KUERCHE DE MENEZES, 309 RESIDENC            13458715                                                            000002
100000 000000000000 00090345100325490REGTIT30011639193089     0002020000005985002700000000002N           2  02000598500210031900000000245000000000099N150219000000000000000160000000000000000000000000000000000000000000000100020972040234MARIA NEUSA NUNES AIRES                 RUA CAMELIA, 11|05 CIDADE JARDIM I PARQU            66635110                                                            000003
100000 000000000000 00090345100325490REGTIT30013037814816     0002020000005986584900000000002N           2  02000598658410031900000000460000000000099N040319000000000000000310000000000000000000000000000000000000000000000100086638980882BEATRIZ LEITE F. STENICO                TAMOIOS, 0 JARDIM SAO FRANCISCO SANTA BA            13456081                                                            000004
100000 000000000000 00090345100325490REGTIT30013660964924     0002020000005987203900000000002N           2  01000598720319041900000000059900000000099N110319000000000000000100000000000000000000000000000000000000000000000100000557101077DAIANE DA LUZ VIEIRA                    11, 100 SÃO JORGE GUAIBA RS                         92500000                                                            000005
100000 000000000000 00090345100325490REGTIT30013766294800     0002020000005958606000000000002N           2  02000595860610031900000000040170000000099N241118000000000000000030000000000000000000000000000000000000000000000100059914564968DOMINGAS BARBOSA SANTIAGO               BELA VISTA, 1603 CENTRO OURIZONA PR                 87170000                                                            000006
100000 000000000000 00090345100325490REGTIT30014166632402     0002020000005968467400000000002N           2  02000596846710031900000000034800000000099N221218000000000000000020000000000000000000000000000000000000000000000100059914564968DOMINGAS BARBOSA SANTIAGO               BELA VISTA, 1603 CENTRO OURIZONA PR                 87170000                                                            000007
100000 000000000000 00090345100325490REGTIT30014406615652     0002020000005927432800000000002N           2  02000592743201031900000000092860000000099N170818000000000000000060000000000000000000000000000000000000000000000100001122503431MARIA DAS GRACAS SILVA VIANA            RUA: 7, 320 TERRA DO SUL PETROLINA PE               56300000                                                            000008
100000 000000000000 00090345100325490REGTIT30014705574044     0002020000005949626600000000002N           2  02000594962615031900000000198000000000099N291018000000000000000130000000000000000000000000000000000000000000000100045685830807RAISSA FERNANDA BALDO                   VINTE E UM DE FEVEREIRO, 87 CONJUNTO HAB            13453149                                                            000009
100000 000000000000 00090345100325490REGTIT30015303618845     0002020000005966750800000000002N           2  02000596675020021900000000250000000000099N121218000000000000000170000000000000000000000000000000000000000000000100051845199987JOSE CARLOS ALVES                       HENRIQUE BRUDECK, 469 CASA VILA SAO CRIS            83305345                                                            000010
100000 000000000000 00090345100325490REGTIT30016256835518     0002020000005968871800000000002N           2  02000596887101031900000000150000000000099N271218000000000000000100000000000000000000000000000000000000000000000100002862926299JHULIA CAROLINE E SILVA BATISTA         TRAVESSA MANOEL SIQUEIRA, 28 AGUA BOA (O            66843490                                                            000011
100000 000000000000 00090345100325490REGTIT30017847799079     0002020000005898713400000000002N           2  02000589871321021900000000100000000000099N210518000000000000000070000000000000000000000000000000000000000000000100005662670471JECILENE DOS SANTOS ARAUJO              QUADRA: D, 32 PROJETO N 09 PETROLINA PE             56300000                                                            000012
100000 000000000000 00090345100325490REGTIT30018428726568     0002020000005968548400000000002N           2  02000596854810031900000000180000000000099N241218000000000000000120000000000000000000000000000000000000000000000100061980390568MARIA JOSÉ SILVA CARNEIRO               JORGE JUVENTINO AGUIAR, 0 BL. 30 APTº 24            13450000                                                            000013
100000 000000000000 00090345100325490REGTIT30018437278514     0002020000005959388100000000002N           2  02000595938810031900000000120000000000099N291118000000000000000080000000000000000000000000000000000000000000000100005874358285JESSICA LARISSA MONTEIRO SILVA          DA FELICIDADE, 21 SAO JOAO DO OUTEIRO (O            66840170                                                            000014
100000 000000000000 00090345100325490REGTIT30018888704996     0002020000005930812500000000002N           2  02000593081210031900000000045420000000099N040918000000000000000030000000000000000000000000000000000000000000000100059914564968DOMINGAS BARBOSA SANTIAGO               BELA VISTA, 1603 CENTRO OURIZONA PR                 87170000                                                            000015
100000 000000000000 00090345100325490REGTIT30019614957749     0002020000005890481600000000002N           2  02000589048110031900000000072000000000099N070518000000000000000050000000000000000000000000000000000000000000000100045685830807RAISSA FERNANDA BALDO                   VINTE E UM DE FEVEREIRO, 87 CONJUNTO HAB            13453149                                                            000016
100000 000000000000 00090345100325490REGTIT30019759584487     0002020000005895551800000000002N           2  02000589555110021900000000120000000000099N080518000000000000000080000000000000000000000000000000000000000000000100002532040467PERPETUA DA CONCEICAO RODRIGUES         RUA: TABULEIRO, 161 SÃO GONÇALO PETROLIN            56300000                                                            000017
100000 000000000000 00090345100325490REGTIT30019943950867     0002020000005987207100000000002N           2  01000598720710041900000000238000000000099N110319000000000000000160000000000000000000000000000000000000000000000100084730501934GERALDA MARIA DA SILVA CARVALHO         562, 0 CONJUNTO HENRIQUE MATELOS  OURIZO            87170000                                                            000018
100000 000000000000 00090345100325490REGTIT30019943950867     0002020000005987208P00000000002N           2  01000598720810051900000000238000000000099N110319000000000000000160000000000000000000000000000000000000000000000100084730501934GERALDA MARIA DA SILVA CARVALHO         562, 0 CONJUNTO HENRIQUE MATELOS  OURIZO            87170000                                                            000019
9                                                                                                                                                                                                                                                                                                                                                                                                         000020