01REMESSA01COBRANCA       00000000000004972103WC SISTEMAS E EQUIPAMENTOS DE 237BRADESCO       220319        MX0002648                                                                                                                                                                                                                                                                                     000001
100000 000000000000 00090345100240370REGTIT26481812008720     0002020000005960793900000000002N           2  02181200872028121800000000339200000000099N061218000000000000000510000000000000000000000000000000000000000000000207680369000131ALFAIATARIA PACHECO LTDA                RUA 15, NUMERO  420 QD J 09 LT 19, SN               74140035                                                            000002
100000 000000000000 00090345100240370REGTIT26481812072541     0002020000005965438400000000002N           2  02181207254128121800000000207930000000099N061218000000000000000310000000000000000000000000000000000000000000000228778818000159MARIA HELENA BRUGG PINTO DA SILVEIRA    AV CAETANO MUNHOZ DA ROCHA, 627                     83750000                                                            000003
100000 000000000000 00090345100240370REGTIT26481901008720     0002020000005970398900000000002N           2  02190100872030011900000000184550000000099N110119000000000000000280000000000000000000000000000000000000000000000207680369000131ALFAIATARIA PACHECO LTDA                RUA 15, NUMERO  420 QD J 09 LT 19, SN               74140035                                                            000004
100000 000000000000 00090345100240370REGTIT26481901072541     0002020000005974836200000000002N           2  02190107254130011900000000139800000000099N110119000000000000000210000000000000000000000000000000000000000000000228778818000159MARIA HELENA BRUGG PINTO DA SILVEIRA    AV CAETANO MUNHOZ DA ROCHA, 627                     83750000                                                            000005
100000 000000000000 00090345100240370REGTIT26481902008720     0002020000005979245000000000002N           2  02190200872028021900000000184550000000099N080219000000000000000280000000000000000000000000000000000000000000000207680369000131ALFAIATARIA PACHECO LTDA                RUA 15, NUMERO  420 QD J 09 LT 19, SN               74140035                                                            000006
100000 000000000000 00090345100240370REGTIT26481902072541     0002020000005983515P00000000002N           2  02190207254128021900000000139800000000099N080219000000000000000210000000000000000000000000000000000000000000000228778818000159MARIA HELENA BRUGG PINTO DA SILVEIRA    AV CAETANO MUNHOZ DA ROCHA, 627                     83750000                                                            000007
100000 000000000000 00090345100240370REGTIT26481903008720     0002020000005987890800000000002N           2  02190300872029031900000000184550000000099N130319000000000000000280000000000000000000000000000000000000000000000207680369000131ALFAIATARIA PACHECO LTDA                RUA 15, NUMERO  420 QD J 09 LT 19, SN               74140035                                                            000008
100000 000000000000 00090345100240370REGTIT26481903072541     0002020000005991974400000000002N           2  02190307254129031900000000139800000000099N130319000000000000000210000000000000000000000000000000000000000000000228778818000159MARIA HELENA BRUGG PINTO DA SILVEIRA    AV CAETANO MUNHOZ DA ROCHA, 627                     83750000                                                            000009
100000 000000000000 00090345100240370REGTIT264899482967270    0002020090005994820600000000002N           2  01994829672729041900000000305860000000099N220319000000000000000460000000000000000000000000000000000000000000000210233927000125CEFABRES CURSOS E EVENTOS LTDA - ME     RUA SIMAO BRANTE , 1690                             81570340                                                            000010
100000 000000000000 00090345100240370REGTIT2648994829668735   0002020090005994819200000000002N           2  01994829668729031900000000305860000000099N220319000000000000000460000000000000000000000000000000000000000000000210233927000125CEFABRES CURSOS E EVENTOS LTDA - ME     RUA SIMAO BRANTE , 1690                             81570340                                                            000011
100000 000000000000 00090345100240370REGTIT2648994829690365   0002020090005994821400000000002N           2  01994829690329051900000000305860000000099N220319000000000000000460000000000000000000000000000000000000000000000210233927000125CEFABRES CURSOS E EVENTOS LTDA - ME     RUA SIMAO BRANTE , 1690                             81570340                                                            000012
100000 000000000000 00090345100240370REGTIT2648996250162740   0002020090005994836200000000002N           2  01996250162701041900000000389700000000099N220319000000000000000580000000000000000000000000000000000000000000000210393936000183CARLOS ROBERTO FREITAS CUNHA E CIA LTDA RUA JORNALISTA EMILIO ZOLA FLORENZANO, 5            81470300                                                            000013
100000 000000000000 00090345100240370REGTIT2648996412128141   0002020090005994830300000000002N           2  01996412128125031900000000244730000000099N220319000000000000000370000000000000000000000000000000000000000000000213832680000151ANDRE MARTINS COSTA - AUTO PECAS - EPP  RODOVIA BR-116, 13778                               81690200                                                            000014
100000 000000000000 00090345100240370REGTIT2648996412151797   0002020090005994831100000000002N           2  01996412151725041900000000244730000000099N220319000000000000000370000000000000000000000000000000000000000000000213832680000151ANDRE MARTINS COSTA - AUTO PECAS - EPP  RODOVIA BR-116, 13778                               81690200                                                            000015
100000 000000000000 00090345100240370REGTIT2648996412187491   0002020090005994832P00000000002N           2  01996412187425051900000000244730000000099N220319000000000000000370000000000000000000000000000000000000000000000213832680000151ANDRE MARTINS COSTA - AUTO PECAS - EPP  RODOVIA BR-116, 13778                               81690200                                                            000016
100000 000000000000 00090345100240370REGTIT2648996719793156   0002020090005994833800000000002N           2  01996719793125031900000000579200000000099N220319000000000000000870000000000000000000000000000000000000000000000207736268000135L MUNARO EPP                            RUA DOUTOR ALVARO ALBUQUERQUE, 63                   80710490                                                            000017
100000 000000000000 00090345100240370REGTIT2648996742713052   0002020090005994799400000000002N           2  01996742713025051900000000213060000000099N220319000000000000000320000000000000000000000000000000000000000000000225682431000106SEBASTIAO IRINEU PRESTES DA CRUZ DIVISORAVENIDA RUI BARBOSA, 6530                           83040550                                                            000018
100000 000000000000 00090345100240370REGTIT2648996742785143   0002020090005994798600000000002N           2  01996742785125041900000000213060000000099N220319000000000000000320000000000000000000000000000000000000000000000225682431000106SEBASTIAO IRINEU PRESTES DA CRUZ DIVISORAVENIDA RUI BARBOSA, 6530                           83040550                                                            000019
100000 000000000000 00090345100240370REGTIT2648996742787462   0002020090005994797800000000002N           2  01996742787425031900000000213060000000099N220319000000000000000320000000000000000000000000000000000000000000000225682431000106SEBASTIAO IRINEU PRESTES DA CRUZ DIVISORAVENIDA RUI BARBOSA, 6530                           83040550                                                            000020
100000 000000000000 00090345100240370REGTIT2648997122283104   0002020090005994835400000000002N           2  01997122283101041900000000239700000000099N220319000000000000000360000000000000000000000000000000000000000000000212654733000129MKR COMERCIO DE PECAS E SERVICOS AUTOMOTR MARIA TREVISAN TORTATO, 889                       81020000                                                            000021
100000 000000000000 00090345100240370REGTIT2648997265623106   0002020090005994802800000000002N           2  01997265623125041900000000137940000000099N220319000000000000000210000000000000000000000000000000000000000000000227596057000151MARIO IZIDORO LEIRIA DA SILVA           RUA NILO PECANHA, 3837                              82120440                                                            000022
100000 000000000000 00090345100240370REGTIT2648997265660549   0002020090005994803600000000002N           2  01997265660525051900000000137940000000099N220319000000000000000210000000000000000000000000000000000000000000000227596057000151MARIO IZIDORO LEIRIA DA SILVA           RUA NILO PECANHA, 3837                              82120440                                                            000023
100000 000000000000 00090345100240370REGTIT2648997265667843   0002020090005994801P00000000002N           2  01997265667825031900000000137940000000099N220319000000000000000210000000000000000000000000000000000000000000000227596057000151MARIO IZIDORO LEIRIA DA SILVA           RUA NILO PECANHA, 3837                              82120440                                                            000024
100000 000000000000 00090345100240370REGTIT2648997276325566   0002020090005994818400000000002N           2  01997276325525051900000000419700000000099N220319000000000000000630000000000000000000000000000000000000000000000202652992000167PRECTOBENS ASSESSORIA EMPRESARIAL LTDA  REPUBLICA DA SIRIA , 165                            80010981                                                            000025
100000 000000000000 00090345100240370REGTIT2648997276337738   0002020090005994816800000000002N           2  01997276337725031900000000419700000000099N220319000000000000000630000000000000000000000000000000000000000000000202652992000167PRECTOBENS ASSESSORIA EMPRESARIAL LTDA  REPUBLICA DA SIRIA , 165                            80010981                                                            000026
100000 000000000000 00090345100240370REGTIT2648997276394970   0002020090005994817600000000002N           2  01997276394925041900000000419700000000099N220319000000000000000630000000000000000000000000000000000000000000000202652992000167PRECTOBENS ASSESSORIA EMPRESARIAL LTDA  REPUBLICA DA SIRIA , 165                            80010981                                                            000027
100000 000000000000 00090345100240370REGTIT2648997309922532   0002020090005994837000000000002N           2  01997309922501041900000000239700000000099N220319000000000000000360000000000000000000000000000000000000000000000232720232000100TELES COMERCIO DE CELULARES EIRELI      RUA JOAO DEMBINSKI, 1350                            81270330                                                            000028
100000 000000000000 00090345100240370REGTIT2648997322722349   0002020090005994834600000000002N           2  01997322722301041900000000239700000000099N220319000000000000000360000000000000000000000000000000000000000000000204847058000126EVANGELISTA E EVANGELISTA LTDA          R MAESTRO FRANCISCO ANTONELO, 2677                  81030100                                                            000029
9                                                                                                                                                                                                                                                                                                                                                                                                         000030