01REMESSA01COBRANCA       00000000000004972103WC SISTEMAS E EQUIPAMENTOS DE 237BRADESCO       200319        MX0002641                                                                                                                                                                                                                                                                                     000001
100000 000000000000 00090345100240370REGTIT26411811067032     0002020000005953549000000000002N           2  02181106703230111800000000169800000000099N091118000000000000000250000000000000000000000000000000000000000000000217697457000108ADRIANO LUIZ TARESZKIEWICZ ME           RUA CAMPOS SALES, 918                               80030230                                                            000002
100000 000000000000 00090345100240370REGTIT26411812067032     0002020000005962687900000000002N           2  02181206703228121800000000309700000000099N061218000000000000000460000000000000000000000000000000000000000000000217697457000108ADRIANO LUIZ TARESZKIEWICZ ME           RUA CAMPOS SALES, 918                               80030230                                                            000003
100000 000000000000 00090345100240370REGTIT26411901067032     0002020000005972237100000000002N           2  02190106703230011900000000127830000000099N110119000000000000000190000000000000000000000000000000000000000000000217697457000108ADRIANO LUIZ TARESZKIEWICZ ME           RUA CAMPOS SALES, 918                               80030230                                                            000004
100000 000000000000 00090345100240370REGTIT26411902067032     0002020000005981039400000000002N           2  02190206703228021900000000127830000000099N080219000000000000000190000000000000000000000000000000000000000000000217697457000108ADRIANO LUIZ TARESZKIEWICZ ME           RUA CAMPOS SALES, 918                               80030230                                                            000005
100000 000000000000 00090345100240370REGTIT26411903067032     0002020000005989616700000000002N           2  02190306703229031900000000127830000000099N130319000000000000000190000000000000000000000000000000000000000000000217697457000108ADRIANO LUIZ TARESZKIEWICZ ME           RUA CAMPOS SALES, 918                               80030230                                                            000006
100000 000000000000 00090345100240370REGTIT26411903070542     0002020000005990798300000000002N           2  02190307054229031900000000134800000000099N130319000000000000000200000000000000000000000000000000000000000000000215833345000101OOI DENTS CLINICA ODONTOLOGICA LTDA ME  RUA EDUARDO PINTO DA ROCHA, 542                     81850000                                                            000007
100000 000000000000 00090345100240370REGTIT26411903070665     0002020000005990855600000000002N           2  02190307066529031900000000114900000000099N130319000000000000000170000000000000000000000000000000000000000000000222356423000181INOVAR MOVEIS E DIVISORIAS ARTICULADAS  RUA ROGERIO DE SOUZA, 72                            83507252                                                            000008
100000 000000000000 00090345100240370REGTIT2641995437428104   0002020090005994209700000000002N           2  01995437428129031900000000239700000000099N200319000000000000000360000000000000000000000000000000000000000000000218792256000144GRAN VALLE INDUSTRIAL E COMERCIAL EIRELIRUA SEBASTIAO SANTANA DA SILVA, 656                 83535000                                                            000009
100000 000000000000 00090345100240370REGTIT2641997057714769   0002020090005994180500000000002N           2  01997057714721041900000000152640000000099N200319000000000000000230000000000000000000000000000000000000000000000202362570000157REGINA GONCALVES DOS SANTOS ME          JOAQUIM SIMOES, 285                                 81150319                                                            000010
100000 000000000000 00090345100240370REGTIT2641997057740813   0002020090005994179100000000002N           2  01997057740821031900000000152640000000099N200319000000000000000230000000000000000000000000000000000000000000000202362570000157REGINA GONCALVES DOS SANTOS ME          JOAQUIM SIMOES, 285                                 81150319                                                            000011
100000 000000000000 00090345100240370REGTIT2641997057768630   0002020090005994181300000000002N           2  01997057768621051900000000152640000000099N200319000000000000000230000000000000000000000000000000000000000000000202362570000157REGINA GONCALVES DOS SANTOS ME          JOAQUIM SIMOES, 285                                 81150319                                                            000012
100000 000000000000 00090345100240370REGTIT2641997067632540   0002020090005994183P00000000002N           2  01997067632521041900000000179730000000099N200319000000000000000270000000000000000000000000000000000000000000000222278908000102VIDAL E GRADICI LTDA                    RUA JUSSARA, 2546                                   81925410                                                            000013
100000 000000000000 00090345100240370REGTIT2641997067654289   0002020090005994182100000000002N           2  01997067654221031900000000179730000000099N200319000000000000000270000000000000000000000000000000000000000000000222278908000102VIDAL E GRADICI LTDA                    RUA JUSSARA, 2546                                   81925410                                                            000014
100000 000000000000 00090345100240370REGTIT2641997067675916   0002020090005994184800000000002N           2  01997067675921051900000000179730000000099N200319000000000000000270000000000000000000000000000000000000000000000222278908000102VIDAL E GRADICI LTDA                    RUA JUSSARA, 2546                                   81925410                                                            000015
100000 000000000000 00090345100240370REGTIT2641997084521650   0002020090005994188000000000002N           2  01997084521627041900000000159000000000099N200319000000000000000240000000000000000000000000000000000000000000000228083072000169EDNA GUEDES MARIA                       RUA AIDES ANGELO DE OLIVEIRA, 212                   83504060                                                            000016
100000 000000000000 00090345100240370REGTIT2641997084549818   0002020090005994187200000000002N           2  01997084549827031900000000159000000000099N200319000000000000000240000000000000000000000000000000000000000000000228083072000169EDNA GUEDES MARIA                       RUA AIDES ANGELO DE OLIVEIRA, 212                   83504060                                                            000017
100000 000000000000 00090345100240370REGTIT2641997139619926   0002020090005994208900000000002N           2  01997139619929031900000000330000000000099N200319000000000000000500000000000000000000000000000000000000000000000223658451000116TALMIDIM COMERCIO DE EQUIPAMENTOS GASTRORUA GUILHERME IHLENFELDT, 883                       82620035                                                            000018
100000 000000000000 00090345100240370REGTIT2641997280754526   0002020090005994186400000000002N           2  01997280754525041900000000166950000000099N200319000000000000000250000000000000000000000000000000000000000000000231202848000127MARCIO ANTONIO DA SILVA                 R BALSA NOVA, 388                                   83410110                                                            000019
100000 000000000000 00090345100240370REGTIT2641997280755726   0002020090005994185600000000002N           2  01997280755725031900000000166950000000099N200319000000000000000250000000000000000000000000000000000000000000000231202848000127MARCIO ANTONIO DA SILVA                 R BALSA NOVA, 388                                   83410110                                                            000020
100000 000000000000 00090345100240370REGTIT2641997310644031   0002020090005994217800000000002N           2  01997310644029031900000000239700000000099N200319000000000000000360000000000000000000000000000000000000000000000216761077000114ALEXANDRE TIZZIANI                      RUA JOSE BONIFACIO, 77                              83508070                                                            000021
9                                                                                                                                                                                                                                                                                                                                                                                                         000022