01REMESSA01COBRANCA       00000000000004852239ISPCN                         237BRADESCO       050319        MX0002948                                                                                                                                                                                                                                                                                     000001
100000 000000000000 00090345100325490REGTIT29481294791570     0002020000005959898000000000002N           2  02000595989820021900000000356800000000099N011218000000000000000240000000000000000000000000000000000000000000000100029143453805MARIA BERNADETE ALVES PONCIANO          DA COMUNIDADE (VL S PEDRO), 17 MONTANHAO            09784145                                                            000002
100000 000000000000 00090345100325490REGTIT29481341193268     0002020000005978403200000000002N           2  01000597840304051900000000145000000000099N040219000000000000000100000000000000000000000000000000000000000000000100075715007534VANILDE MADALENA DOS SANTOS             POVOADO JACARE, S|N ZONA RURAL SAO DESID            47820000                                                            000003
100000 000000000000 00090345100325490REGTIT29481370762582     0002020000005947613300000000002N           2  02000594761322021900000000148000000000099N161018000000000000000100000000000000000000000000000000000000000000000100046999021899RICARDO PAIVA SACHETTO                  PROFETA NEEMIAS, 277 JARDIM LAUDISSI SAN            13458078                                                            000004
100000 000000000000 00090345100325490REGTIT29481447599207     0002020000005958169700000000002N           2  02000595816921021900000000283330000000099N221118000000000000000190000000000000000000000000000000000000000000000100035637945888CRISTIANE DO NASCIMENTO                 CALIFORNIA, 102 JARDIM CIPRESTE SANTO AN            09171865                                                            000005
100000 000000000000 00090345100325490REGTIT29481858551543     0002020000005940313600000000002N           2  01000594031304051900000000370000000000099N021018000000000000000250000000000000000000000000000000000000000000000100064935558849DIMAS CORREIA DA SILVA                  SERVIDÃO, 699 JARDIM GERIVA SANTA BÁRBAR            13456343                                                            000006
100000 000000000000 00090345100325490REGTIT29481961771916     0002020000005950448P00000000002N           2  02000595044822021900000000431630000000099N061118000000000000000290000000000000000000000000000000000000000000000100041731644833CAIO VICTOR DE ALMEIDA                  VINTE E NOVE DE JUNHO (VL S PEDRO), 29 M            09784415                                                            000007
100000 000000000000 00090345100325490REGTIT29482138512589     0002020000005985485500000000002N           2  02000598548513031900000000135950000000099N190219000000000000000090000000000000000000000000000000000000000000000100004922701982THAYS BERNARDES                         EDUARDO BONJEAN, 130 UVARANAS PONTA GROS            84030010                                                            000008
100000 000000000000 00090345100325490REGTIT29482152091852     0002020000005946771100000000002N           2  02000594677110021900000000038550000000099N101018000000000000000030000000000000000000000000000000000000000000000100006737852971DYEIME MORAES PAZ                       SAO VICENTE, 654 CENTRO OURIZONA PR                 87170000                                                            000009
100000 000000000000 00090345100325490REGTIT29482152091852     0002020000005946772P00000000002N           2  02000594677210031900000000038550000000099N101018000000000000000030000000000000000000000000000000000000000000000100006737852971DYEIME MORAES PAZ                       SAO VICENTE, 654 CENTRO OURIZONA PR                 87170000                                                            000010
100000 000000000000 00090345100325490REGTIT29482226685326     0002020000005966928400000000002N           2  02000596692806021900000000213600000000099N131218000000000000000140000000000000000000000000000000000000000000000100017235589825IVANILDE LOPES DA SILVA                 UNIAO (VL S PEDRO), 15 MONTANHAO SAO BER            09784460                                                            000011
100000 000000000000 00090345100325490REGTIT29482230865826     0002020000005970303200000000002N           2  02000597030310031900000000140000000000099N110119000000000000000090000000000000000000000000000000000000000000000100007445396845MARIA HELENA RICARTE TEIXEIRA           DOM MANUEL, 74 VILA SANTA TEREZINHA SANT            13451022                                                            000012
100000 000000000000 00090345100325490REGTIT29482298021916     0002020000005977645500000000002N           2  02000597764505031900000000207140000000099N280119000000000000000140000000000000000000000000000000000000000000000100009422107946GEREMIAS GONCALVES DOS SANTOS           JOAQUIM BERTHOLDI, 235 CASA CAMPO DE SAN            81490418                                                            000013
100000 000000000000 00090345100325490REGTIT29482318044482     0002020000005969363000000000002N           2  01000596936304051900000000120000000000099N040119000000000000000080000000000000000000000000000000000000000000000100001147933529ANTONIO FRANCISCO MENDES                PROJETADA 3, 1815 CENTRO FORMOSA DO RIO             47990000                                                            000014
100000 000000000000 00090345100325490REGTIT29482458742260     0002020000005969488200000000002N           2  01000596948804051900000000100000000000099N050119000000000000000130000000000000000000000000000000000000000000000100006481683874CLEUZA CAETANO BORSALINO                ALFA, 226 AZUL BL1 B AP 103 A JARDIM GIO            06680103                                                            000015
100000 000000000000 00090345100325490REGTIT29482906614488     0002020000005976174100000000002N           2  02000597617421021900000000173520000000099N180119000000000000000120000000000000000000000000000000000000000000000100010754356841MARIA DE FATIMA SILVA OLIVEIRA          DOS PASSAROS (VL S PEDRO), 155 MONTANHAO            09784060                                                            000016
100000 000000000000 00090345100325490REGTIT29483037391602     0002020000005976167900000000002N           2  02000597616710021900000000162030000000099N180119000000000000000110000000000000000000000000000000000000000000000100083647104868MANOEL RAIMUNDO DOS SANTOS              MANOEL GUSMAO FONTES (VL S PEDRO), 29 MO            09784370                                                            000017
100000 000000000000 00090345100325490REGTIT29483050070620     0002020000005966697800000000002N           2  02000596669712021900000000083330000000099N121218000000000000000060000000000000000000000000000000000000000000000100071889167134NILDES NUNES DA CRUS RIBEIRO            NOSSA SENHORA APARECIDA, 726 AGUACU  CUI            78000000                                                            000018
100000 000000000000 00090345100325490REGTIT29483549720748     0002020000005976041900000000002N           2  02000597604117021900000000262470000000099N170119000000000000000170000000000000000000000000000000000000000000000100035637945888CRISTIANE DO NASCIMENTO                 CALIFORNIA, 102 JARDIM CIPRESTE SANTO AN            09171865                                                            000019
100000 000000000000 00090345100325490REGTIT29483622640458     0002020000005985751P00000000002N           2  02000598575110031900000000100000000000099N220219000000000000000070000000000000000000000000000000000000000000000100013262031852DANIEL SERAPIAO DA ROCHA                RUA BRUNO BERTOLDI, 369  SOBRADO 01 CAMP            81490374                                                            000020
100000 000000000000 00090345100325490REGTIT29483797840604     0002020000005986538500000000002N           2  01000598653804051900000000100000000000099N040319000000000000000070000000000000000000000000000000000000000000000100002528343990ROSELI DA SILVA DE PAULA                MATO BRANCO, 1 ZONA RURAL CHOPINZINHO PR            85560000                                                            000021
100000 000000000000 00090345100325490REGTIT29483834058998     0002020000005950785300000000002N           2  02000595078515021900000000257600000000099N071118000000000000000170000000000000000000000000000000000000000000000100004994601895GERALDO EUSEBIO                         SAO ROQUE (VL S PEDRO), 44 MONTANHAO SAO            09784310                                                            000022
100000 000000000000 00090345100325490REGTIT29484106098864     0002020000005960019500000000002N           2  02000596001907021900000000321030000000099N031218000000000000000210000000000000000000000000000000000000000000000100040057576858DAYANE MANOEL SILVA                     NELSON MANDELA (VL S PEDRO), 330 MONTANH            09784105                                                            000023
100000 000000000000 00090345100325490REGTIT29484295718976     0002020000005956864P00000000002N           2  01000595686404051900000000100000000000099N131118000000000000000070000000000000000000000000000000000000000000000100038652331472MARIA ELIZABETE DA SILVA                RUA SANTA FE, 76 MARIA AUXILIADORA  PETR            56300000                                                            000024
100000 000000000000 00090345100325490REGTIT29484366336315     0002020000005960520000000000002N           2  02000596052010021900000000134170000000099N051218000000000000000090000000000000000000000000000000000000000000000100045017941860IRACI DE JESUS SANTOS                   VINTE E OITO DE ABRIL (VL S PEDRO), 03 M            09784515                                                            000025
100000 000000000000 00090345100325490REGTIT29484521004205     0002020000005947106900000000002N           2  02000594710615021900000000220000000000099N111018000000000000000150000000000000000000000000000000000000000000000100049599801172JOVINA LARA E SILVA                     VASCO DA GAMA, S/N LOTEAMENTO TRES PODER            78005150                                                            000026
100000 000000000000 00090345100325490REGTIT29484671654754     0002020000005900902000000000002N           2  02000590090206021900000000170000000000099N020618000000000000000110000000000000000000000000000000000000000000000100086826204800APARECIDO PEREIRA DA SILVA              CHACARA, CASA 11 CONDOMINIO MOREIRA II S            13450000                                                            000027
100000 000000000000 00090345100325490REGTIT29484707653315     0002020000005978515200000000002N           2  01000597851504051900000000027570000000099N040219000000000000000020000000000000000000000000000000000000000000000100003907455967EDNA MARIA DA SILVA GUESSO              CAMPO GRANDE, 1008 CENTRO OURIZONA PR               87170000                                                            000028
100000 000000000000 00090345100325490REGTIT29484752754506     0002020000005938049700000000002N           2  02000593804910021900000000372990000000099N190918000000000000000250000000000000000000000000000000000000000000000100037826376823UALAS AZEVÊDO RIBEIRO                   VINTE E OITO DE ABRIL (VL S PEDRO), 48 M            09784515                                                            000029
100000 000000000000 00090345100325490REGTIT29484752754506     0002020000005938050000000000002N           2  02000593805010031900000000372990000000099N190918000000000000000250000000000000000000000000000000000000000000000100037826376823UALAS AZEVÊDO RIBEIRO                   VINTE E OITO DE ABRIL (VL S PEDRO), 48 M            09784515                                                            000030
100000 000000000000 00090345100325490REGTIT29484752754506     0002020000005938051900000000002N           2  02000593805110041900000000372990000000099N190918000000000000000250000000000000000000000000000000000000000000000100037826376823UALAS AZEVÊDO RIBEIRO                   VINTE E OITO DE ABRIL (VL S PEDRO), 48 M            09784515                                                            000031
100000 000000000000 00090345100325490REGTIT29485398891282     0002020000005969431900000000002N           2  01000596943104051900000000120000000000099N040119000000000000000080000000000000000000000000000000000000000000000100000816622540OLINDA PEREIRA DOS S. ALMEIDA           22 DE FEVEREIRO, 314 CENTRO SAO DESIDERI            47820000                                                            000032
100000 000000000000 00090345100325490REGTIT29485502576587     0002020000005930675000000000002N           2  01000593067504051900000001095040000000099N040918000000000000000730000000000000000000000000000000000000000000000100007773429952JESSICA DOS SANTOS PINTO                FRANCIS BACON, 121 c CASA SANTA CANDIDA             08272024                                                            000033
100000 000000000000 00090345100325490REGTIT29485539492190     0002020000005969129800000000002N           2  01000596912904051900000000032380000000099N291218000000000000000020000000000000000000000000000000000000000000000100008104134930LARISSA LORRANE LOPES DE FARIA          ARAXA, 541 CENTRO OURIZONA PR                       87170000                                                            000034
100000 000000000000 00090345100325490REGTIT29485603815077     0002020000005947426200000000002N           2  02000594742615031900000000272000000000099N151018000000000000000180000000000000000000000000000000000000000000000100032814860100ELZA MARIA PINHEIRO                     10, 15 QD E1 SETOR E COXIPO CUIABA MT               78099000                                                            000035
100000 000000000000 00090345100325490REGTIT29485624570101     0002020000005977771000000000002N           2  02000597777125021900000000405670000000099N290119000000000000000270000000000000000000000000000000000000000000000100078456258687VALDEIR JOSE DE ARAUJO                  SOLEDADE (PQ HAWAI), 40 ALVES DIAS SAO B            09852760                                                            000036
100000 000000000000 00090345100325490REGTIT29485816220872     0002020000005978255200000000002N           2  02000597825507021900000000250000000000099N020219000000000000000170000000000000000000000000000000000000000000000100037966468836ADRIELLE JORGE MORE                     DOM PEDRO DE ALCANTARA VL S PEDRO, 565 C            09784000                                                            000037
100000 000000000000 00090345100325490REGTIT29485816220872     0002020000005978256000000000002N           2  02000597825620021900000000250000000000099N020219000000000000000170000000000000000000000000000000000000000000000100037966468836ADRIELLE JORGE MORE                     DOM PEDRO DE ALCANTARA VL S PEDRO, 565 C            09784000                                                            000038
100000 000000000000 00090345100325490REGTIT29485816220872     0002020000005978257900000000002N           2  02000597825707031900000000250000000000099N020219000000000000000170000000000000000000000000000000000000000000000100037966468836ADRIELLE JORGE MORE                     DOM PEDRO DE ALCANTARA VL S PEDRO, 565 C            09784000                                                            000039
100000 000000000000 00090345100325490REGTIT29485816220872     0002020000005978258700000000002N           2  02000597825820031900000000250000000000099N020219000000000000000170000000000000000000000000000000000000000000000100037966468836ADRIELLE JORGE MORE                     DOM PEDRO DE ALCANTARA VL S PEDRO, 565 C            09784000                                                            000040
100000 000000000000 00090345100325490REGTIT29485937588479     0002020000005969346000000000002N           2  01000596934604051900000000100000000000099N040119000000000000000070000000000000000000000000000000000000000000000100087886802071JOZE COM Z                              OURO VERDE, 32 CAPAO RASO CURITIBA PR               81130130                                                            000041
100000 000000000000 00090345100325490REGTIT29485965880341     0002020000005969368100000000002N           2  01000596936804051900000000140000000000099N040119000000000000000090000000000000000000000000000000000000000000000100001147933529ANTONIO FRANCISCO MENDES                PROJETADA 3, 1815 CENTRO FORMOSA DO RIO             47990000                                                            000042
100000 000000000000 00090345100325490REGTIT29486002497122     0002020000005976014100000000002N           2  02000597601410031900000000050000000000099N170119000000000000000030000000000000000000000000000000000000000000000100033592643800ANA PAULA AP CAMPOS                     VALENCIA, 155 BL 22 APT 403 JARDIM BERTO            13478779                                                            000043
100000 000000000000 00090345100325490REGTIT29486058336405     0002020000005938131000000000002N           2  02000593813119021900000000308010000000099N190918000000000000000210000000000000000000000000000000000000000000000100074268740449AUGUSTO ARRUDA DO NASCIMENTO            PRIMEIRO DE MAIO (VL S PEDRO), 114 MONTA            09784375                                                            000044
100000 000000000000 00090345100325490REGTIT29486165844905     0002020000005975380300000000002N           2  02000597538010021900000000240000000000099N120119000000000000000160000000000000000000000000000000000000000000000100055312381349ELIANA LOPES DA SILVA                   ALTO DA BELA VISTA (AT BELA VISTA), 56 M            09784260                                                            000045
100000 000000000000 00090345100325490REGTIT29486280203660     0002020000005969860800000000002N           2  02000596986008031900000000281750000000099N090119000000000000000190000000000000000000000000000000000000000000000100037118977896ALEXANDRE DE JESUS EUSEBIO              SAO ROQUE (VL S PEDRO), 44 MONTANHAO SAO            09784310                                                            000046
100000 000000000000 00090345100325490REGTIT29486380959951     0002020000005976146600000000002N           2  02000597614610021900000000351000000000099N180119000000000000000230000000000000000000000000000000000000000000000100083647104868MANOEL RAIMUNDO DOS SANTOS              MANOEL GUSMAO FONTES (VL S PEDRO), 29 MO            09784370                                                            000047
100000 000000000000 00090345100325490REGTIT29486542719006     0002020000005939283500000000002N           2  02000593928325021900000000517500000000099N260918000000000000000350000000000000000000000000000000000000000000000100034478343829ELIANE NOVAIS DA SILVA                  DAS FOLHAS (VL ESPERANCA), 62 MONTANHAO             09783470                                                            000048
100000 000000000000 00090345100325490REGTIT29486764765737     0002020000005916432800000000002N           2  02000591643220021900000000191660000000099N100718000000000000000130000000000000000000000000000000000000000000000100011763333809VITALINA SANTOS SILVA                   GUILHERME LORICCHIO, 6 PARQUE FERNANDA S            05889290                                                            000049
100000 000000000000 00090345100325490REGTIT29486833657452     0002020000005978249800000000002N           2  02000597824906031900000000155000000000099N010219000000000000000100000000000000000000000000000000000000000000000100001085754898ANTONIO CAVALCANTE DE LIMA              ANA LUCIA DE AMICIS, 579 JARDIM VERA CRU            04965020                                                            000050
100000 000000000000 00090345100325490REGTIT29487103806572     0002020000005901548900000000002N           2  02000590154804051900000000358000000000099N050618000000000000000240000000000000000000000000000000000000000000000100039898080876KARINE DA SILVA TEIXEIRA                SIAO, 99 CHACARAS CAXINGUI EMBU SP                  06825025                                                            000051
100000 000000000000 00090345100325490REGTIT29487134435752     0002020000005966487800000000002N           2  02000596648706021900000000135600000000099N111218000000000000000090000000000000000000000000000000000000000000000100022312456800ANA CELIA DA SILVA DIAS                 SAO JOSE (VL S PEDRO), 32 MONTANHAO SAO             09784465                                                            000052
100000 000000000000 00090345100325490REGTIT29487993328277     0002020000005986553900000000002N           2  01000598655304051900000000328000000000099N040319000000000000000220000000000000000000000000000000000000000000000100004994601895GERALDO EUSEBIO                         SAO ROQUE (VL S PEDRO), 44 MONTANHAO SAO            09784310                                                            000053
100000 000000000000 00090345100325490REGTIT29488192650212     0002020000005930694700000000002N           2  01000593069404051900000000653000000000099N040918000000000000000440000000000000000000000000000000000000000000000100006348706966FABIANO DINIZ MAIA                      MARINGA, 336 CASA PLANTA ARACATUBA PIRAQ            83326070                                                            000054
100000 000000000000 00090345100325490REGTIT29488358220756     0002020000005986597000000000002N           2  01000598659715031900000000450000000000099N040319000000000000000300000000000000000000000000000000000000000000000100002090976047JERUZA DE JESUS                         GERAL KM37, SN BELA VISTA CAPIVARI DE BA            88798000                                                            000055
100000 000000000000 00090345100325490REGTIT29488358220756     0002020000005986598900000000002N           2  01000598659815041900000000450000000000099N040319000000000000000300000000000000000000000000000000000000000000000100002090976047JERUZA DE JESUS                         GERAL KM37, SN BELA VISTA CAPIVARI DE BA            88798000                                                            000056
100000 000000000000 00090345100325490REGTIT29488693804993     0002020000005959977400000000002N           2  02000595997710021900000000518000000000099N031218000000000000000350000000000000000000000000000000000000000000000100029870195806JOSE CARLOS DE LIMA                     DOS AMIGOS (VL S PEDRO), 05 MONTANHAO SA            09784175                                                            000057
100000 000000000000 00090345100325490REGTIT29488733061013     0002020000005947893400000000002N           2  02000594789310021900000000360000000000099N181018000000000000000240000000000000000000000000000000000000000000000100010287562409FRANCISCA MARIA MENDES SALES            CALIFORNIA, 90 JARDIM CIPRESTE SANTO AND            09171865                                                            000058
100000 000000000000 00090345100325490REGTIT29488969997945     0002020000005966945400000000002N           2  02000596694522021900000000322670000000099N131218000000000000000220000000000000000000000000000000000000000000000100045703645867GUILHERME DE OLIVEIRA SANTOS            BANDEIRANTES (VL S PEDRO), 02 MONTANHAO             09784365                                                            000059
100000 000000000000 00090345100325490REGTIT29488997009193     0002020000005978147500000000002N           2  01000597814704051900000000135000000000099N010219000000000000000090000000000000000000000000000000000000000000000100035628243272MARIA CARDOSO DE FREITAS                DOS INOCENTES II, 164 CAMPINA DE ICOARAC            66813800                                                            000060
100000 000000000000 00090345100325490REGTIT29489245475203     0002020000005968337600000000002N           2  02000596833721021900000000194500000000099N211218000000000000000130000000000000000000000000000000000000000000000100028492973803ROMARIO SOUZA NEVES                     MARIA ERMINIA DE JESUS (VL S PEDRO), 55             09784420                                                            000061
100000 000000000000 00090345100325490REGTIT29489263473057     0002020000005940135400000000002N           2  02000594013515031900000000250000000000099N011018000000000000000170000000000000000000000000000000000000000000000100041699848890CARLA MARIA DE ANDRADE                  PERNAMBUCO, 461 VILA BRASIL SANTA BARBAR            13451074                                                            000062
100000 000000000000 00090345100325490REGTIT29489338539056     0002020000005977137200000000002N           2  02000597713710031900000000301160000000099N240119000000000000000200000000000000000000000000000000000000000000000100043412265845LUCAS VINICIUS DE ALMEIDA               DOM PEDRO DE ALCANTARA (VL S PEDRO), 306            09784000                                                            000063
100000 000000000000 00090345100325490REGTIT29489644417862     0002020000005978019300000000002N           2  02000597801928021900000000275000000000099N310119000000000000000180000000000000000000000000000000000000000000000100033848138808RENAN FERNANDES DA SILVA                PRINCESA ISABEL (VL S PEDRO), 12 MONTANH            09784450                                                            000064
100000 000000000000 00090345100325490REGTIT29489774573350     0002020000005977150P00000000002N           2  02000597715021021900000000163800000000099N240119000000000000000110000000000000000000000000000000000000000000000100040628067895AILA MAIANE SOUSA CRUZ                  RESENDE (VL S PEDRO), 02 MONTANHAO SAO B            09784435                                                            000065
9                                                                                                                                                                                                                                                                                                                                                                                                         000066