01REMESSA01COBRANCA       00000000000004852239ISPCN                         237BRADESCO       040319        MX0002940                                                                                                                                                                                                                                                                                     000001
100000 000000000000 00090345100325490REGTIT29401266178977     0002020000005986557100000000002N           2  01000598655703041900000001220000000000099N040319000000000000000810000000000000000000000000000000000000000000000100016117009810MARCELO PEREIRA COELHO                  SUELI MAXIMO MATOS, 220 JARDIM IRACEMA T            06770120                                                            000002
100000 000000000000 00090345100325490REGTIT29401266178977     0002020000005986558P00000000002N           2  01000598655803051900000001220000000000099N040319000000000000000810000000000000000000000000000000000000000000000100016117009810MARCELO PEREIRA COELHO                  SUELI MAXIMO MATOS, 220 JARDIM IRACEMA T            06770120                                                            000003
100000 000000000000 00090345100325490REGTIT29402152091852     0002020000005946771100000000002N           2  02000594677110021900000000038550000000099N101018000000000000000030000000000000000000000000000000000000000000000100006737852971DYEIME MORAES PAZ                       SAO VICENTE, 654 CENTRO OURIZONA PR                 87170000                                                            000004
100000 000000000000 00090345100325490REGTIT29402152091852     0002020000005946772P00000000002N           2  02000594677210031900000000038550000000099N101018000000000000000030000000000000000000000000000000000000000000000100006737852971DYEIME MORAES PAZ                       SAO VICENTE, 654 CENTRO OURIZONA PR                 87170000                                                            000005
100000 000000000000 00090345100325490REGTIT29402407371525     0002020000005986569500000000002N           2  01000598656930031900000000500000000000099N040319000000000000000330000000000000000000000000000000000000000000000100016117009810MARCELO PEREIRA COELHO                  SUELI MAXIMO MATOS, 220 JARDIM IRACEMA T            06770120                                                            000006
100000 000000000000 00090345100325490REGTIT29402441713594     0002020000005986573300000000002N           2  01000598657310041900000000200000000000099N040319000000000000000130000000000000000000000000000000000000000000000100090990684415NIVALDO SEVERINO DOS SANTOS             RUA VINTE E SETE DE AGOSTO, 385 MONTANHA            09784120                                                            000007
100000 000000000000 00090345100325490REGTIT29403050070620     0002020000005966697800000000002N           2  02000596669712021900000000083330000000099N121218000000000000000060000000000000000000000000000000000000000000000100071889167134NILDES NUNES DA CRUS RIBEIRO            NOSSA SENHORA APARECIDA, 726 AGUACU  CUI            78000000                                                            000008
100000 000000000000 00090345100325490REGTIT29403622640458     0002020000005985751P00000000002N           2  02000598575110031900000000100000000000099N220219000000000000000070000000000000000000000000000000000000000000000100013262031852DANIEL SERAPIAO DA ROCHA                RUA BRUNO BERTOLDI, 369  SOBRADO 01 CAMP            81490374                                                            000009
100000 000000000000 00090345100325490REGTIT29404070672665     0002020000005986570900000000002N           2  01000598657003041900000000333330000000099N040319000000000000000220000000000000000000000000000000000000000000000100016117009810MARCELO PEREIRA COELHO                  SUELI MAXIMO MATOS, 220 JARDIM IRACEMA T            06770120                                                            000010
100000 000000000000 00090345100325490REGTIT29404070672665     0002020000005986571700000000002N           2  01000598657103051900000000333330000000099N040319000000000000000220000000000000000000000000000000000000000000000100016117009810MARCELO PEREIRA COELHO                  SUELI MAXIMO MATOS, 220 JARDIM IRACEMA T            06770120                                                            000011
100000 000000000000 00090345100325490REGTIT29404521004205     0002020000005947106900000000002N           2  02000594710615021900000000220000000000099N111018000000000000000150000000000000000000000000000000000000000000000100049599801172JOVINA LARA E SILVA                     VASCO DA GAMA, S/N LOTEAMENTO TRES PODER            78005150                                                            000012
100000 000000000000 00090345100325490REGTIT29404671654754     0002020000005900902000000000002N           2  02000590090206021900000000170000000000099N020618000000000000000110000000000000000000000000000000000000000000000100086826204800APARECIDO PEREIRA DA SILVA              CHACARA, CASA 11 CONDOMINIO MOREIRA II S            13450000                                                            000013
100000 000000000000 00090345100325490REGTIT29405603815077     0002020000005947426200000000002N           2  02000594742615031900000000272000000000099N151018000000000000000180000000000000000000000000000000000000000000000100032814860100ELZA MARIA PINHEIRO                     10, 15 QD E1 SETOR E COXIPO CUIABA MT               78099000                                                            000014
100000 000000000000 00090345100325490REGTIT29405816220872     0002020000005978255200000000002N           2  02000597825507021900000000250000000000099N020219000000000000000170000000000000000000000000000000000000000000000100037966468836ADRIELLE JORGE MORE                     DOM PEDRO DE ALCANTARA VL S PEDRO, 565 C            09784000                                                            000015
100000 000000000000 00090345100325490REGTIT29405816220872     0002020000005978256000000000002N           2  02000597825620021900000000250000000000099N020219000000000000000170000000000000000000000000000000000000000000000100037966468836ADRIELLE JORGE MORE                     DOM PEDRO DE ALCANTARA VL S PEDRO, 565 C            09784000                                                            000016
100000 000000000000 00090345100325490REGTIT29405816220872     0002020000005978257900000000002N           2  02000597825707031900000000250000000000099N020219000000000000000170000000000000000000000000000000000000000000000100037966468836ADRIELLE JORGE MORE                     DOM PEDRO DE ALCANTARA VL S PEDRO, 565 C            09784000                                                            000017
100000 000000000000 00090345100325490REGTIT29405816220872     0002020000005978258700000000002N           2  02000597825820031900000000250000000000099N020219000000000000000170000000000000000000000000000000000000000000000100037966468836ADRIELLE JORGE MORE                     DOM PEDRO DE ALCANTARA VL S PEDRO, 565 C            09784000                                                            000018
100000 000000000000 00090345100325490REGTIT29406833657452     0002020000005978249800000000002N           2  02000597824906031900000000155000000000099N010219000000000000000100000000000000000000000000000000000000000000000100001085754898ANTONIO CAVALCANTE DE LIMA              ANA LUCIA DE AMICIS, 579 JARDIM VERA CRU            04965020                                                            000019
9                                                                                                                                                                                                                                                                                                                                                                                                         000020