01REMESSA01COBRANCA       00000000000004852239ISPCN                         237BRADESCO       270319        MX0003138                                                                                                                                                                                                                                                                                     000001
100000 000000000000 00090345100325490REGTIT31381443441580     0002020000005937350400000000002N           2  02000593735013031900000000075000000000099N140918000000000000000050000000000000000000000000000000000000000000000100092721320530JOSÉ MARQUES BRANDÃO NETO               RUA 05, 10 JARDIM FLORIDA  JUAZEIRO  BA             56300000                                                            000002
100000 000000000000 00090345100325490REGTIT31383011789048     0002020000005967321400000000002N           2  02000596732115031900000000052380000000099N151218000000000000000030000000000000000000000000000000000000000000000100001779124996LEILA DINIZ DOS SANTOS                  BELA VISTA,  CENTRO OURIZONA PR                     87170000                                                            000003
100000 000000000000 00090345100325490REGTIT31383464478651     0002020000005965859200000000002N           2  02000596585905031900000000120000000000099N071218000000000000000080000000000000000000000000000000000000000000000100002665712202ARIELLY CRISTINA DE ANDRADE SERRA       SANTA ISABEL, 697 CRUZEIRO (ICOARACI) BE            66810090                                                            000004
100000 000000000000 00090345100325490REGTIT31383500471611     0002020000005976856800000000002N           2  02000597685620031900000000145000000000099N220119000000000000000100000000000000000000000000000000000000000000000100091568757204CLAUDILEIA SIQUEIRA DA COSTA            SANTA MARIA, 7 TENONE BELEM PA                      66820240                                                            000005
100000 000000000000 00090345100325490REGTIT31383822775996     0002020000005995920700000000002N           2  01000599592027041900000000300000000000099N270319000000000000000200000000000000000000000000000000000000000000000100002180190506YONARA DA SILVA LIMA                    SALVIANO SOARES, 83 CENTRO SAO DESIDERIO            47820000                                                            000006
100000 000000000000 00090345100325490REGTIT31384075571517     0002020000005968091100000000002N           2  02000596809120031900000000440000000000099N201218000000000000000290000000000000000000000000000000000000000000000100017269059268HILDEMAR NAZARENO SOUZA BRITO           SANHACO (CJ BENJAMIM SODRE), Casa 3 PARQ            66635270                                                            000007
100000 000000000000 00090345100325490REGTIT31384464479378     0002020000005976518600000000002N           2  02000597651821031900000000250000000000099N210119000000000000000170000000000000000000000000000000000000000000000100070607966149ENIGSON PAULO DA SILVA MACEDO           QR1031 CONJ09 CASA40, 40 SAMAMBAIA NORTE            72000000                                                            000008
100000 000000000000 00090345100325490REGTIT31384587654893     0002020000005979057100000000002N           2  02000597905728031900000000045000000000099N080219000000000000000030000000000000000000000000000000000000000000000100025535442860MARIA JOSE MARTINS                      RUA DOZE, 101 JARDIM ALVORADA MONTE MOR             13190000                                                            000009
100000 000000000000 00090345100325490REGTIT31384669330823     0002020000005958888800000000002N           2  02000595888826031900000000109500000000099N261118000000000000000070000000000000000000000000000000000000000000000100046807853149PAULINA DOS SANTOS NERES                QR 417 CONJ 05 CS, 7 PROPRIA NORTE SAMAM            72000000                                                            000010
100000 000000000000 00090345100325490REGTIT31384851075472     0002020000005995907P00000000002N           2  01000599590727041900000000090200000000099N270319000000000000000060000000000000000000000000000000000000000000000100005397061590CLAUDIO DE JESUS SANTOS                 AUGUSTO DE ALMEIDA BATISTA, 3103 JARDIM             06826280                                                            000011
100000 000000000000 00090345100325490REGTIT31384859865316     0002020000005959187000000000002N           2  02000595918728021900000000122500000000099N281118000000000000000080000000000000000000000000000000000000000000000100005973028470CLEZILDA LAYS RODRIGUES DA COSTA        RUA FURNA, S|N PONTA DA SERRA PETROLINA             56300000                                                            000012
100000 000000000000 00090345100325490REGTIT31384986207145     0002020000005986129000000000002N           2  02000598612926031900000000088330000000099N260219000000000000000060000000000000000000000000000000000000000000000100091622972872AMARO SILVA LIMA                        ESTRADA DO GUAVIRUTUBA, 1320 VILA SANTA             04937000                                                            000013
100000 000000000000 00090345100325490REGTIT31386896803039     0002020000005916868400000000002N           2  02000591686812031900000000053160000000099N120718000000000000000040000000000000000000000000000000000000000000000100001779124996LEILA DINIZ DOS SANTOS                  BELA VISTA,  CENTRO OURIZONA PR                     87170000                                                            000014
100000 000000000000 00090345100325490REGTIT31386906776444     0002020000005957791600000000002N           2  02000595779120031900000000170000000000099N201118000000000000000110000000000000000000000000000000000000000000000100081844395200ELZIMARI RODRIGUES FIEL                 DAS PAMPOLAS  CONJUNTO: JARDIM RENASCENT            66825280                                                            000015
100000 000000000000 00090345100325490REGTIT31387260228022     0002020000005984591000000000002N           2  02000598459110031900000000264000000000099N130219000000000000000180000000000000000000000000000000000000000000000100083298584991AURO LEANDRO VAZ                        MANOEL MARASSATI, 77 SAO SEBASTIAO SAO J            83075178                                                            000016
100000 000000000000 00090345100325490REGTIT31387282528695     0002020000005959223000000000002N           2  02000595922328021900000000130000000000099N281118000000000000000090000000000000000000000000000000000000000000000100026417477827MARIA AP DE SOUZA SOARES                ANTONIO BATAGIN, 97 PARQUE ELDORADO SANT            13458469                                                            000017
100000 000000000000 00090345100325490REGTIT31387553346815     0002020000005950406400000000002N           2  02000595040615031900000000056250000000099N051118000000000000000040000000000000000000000000000000000000000000000100007455975481FRANCISCA LAIANE ALVES DA SILVA         19, 251 JARDIM GUANABARA  PETROLINA  PE             56300000                                                            000018
100000 000000000000 00090345100325490REGTIT31387561714752     0002020000005967172600000000002N           2  02000596717227031900000000044100000000099N141218000000000000000030000000000000000000000000000000000000000000000100008778073960ADAILTON DO NASCIMENTO MENEZES          PIONEIRO MIGUEL ELVIRA, 13 CONJ AMADO OU            87170000                                                            000019
100000 000000000000 00090345100325490REGTIT31388908830558     0002020000005956773200000000002N           2  02000595677307031900000000161580000000099N121118000000000000000110000000000000000000000000000000000000000000000100082528020449RITA ANA RODRIGUES                      AVENIDA 2, 70 MANDACARU  PETROLINA  PE              56300000                                                            000020
9                                                                                                                                                                                                                                                                                                                                                                                                         000021