01REMESSA01COBRANCA       00000000000004972103WC SISTEMAS E EQUIPAMENTOS DE 237BRADESCO       190319        MX0002636                                                                                                                                                                                                                                                                                     000001
100000 000000000000 00090345100240370REGTIT26361902072128     0002020000005983204500000000002N           2  02190207212828021900000000099800000000099N080219000000000000000150000000000000000000000000000000000000000000000209403302000185ISMAEL APARECIDO OLIVEIRA SCHNEIDER     RUA MARINGA, 527                                    83301590                                                            000002
100000 000000000000 00090345100240370REGTIT26361903000073     0002020000005987814200000000002N           2  01190300007329031900000000004950000000099N130319000000000000000010000000000000000000000000000000000000000000000208745918000172WC SISTEMAS E EQUIPAMENTOS DE INFORMATICAVENIDA CANDIDO DE ABREU, 70                        80530000                                                            000003
100000 000000000000 00090345100240370REGTIT26361903000764     0002020000005987821500000000002N           2  01190300076429031900000004682060000000099N130319000000000000007020000000000000000000000000000000000000000000000208745918000172DEPARTAMENTO COMERCIAL CURITIBA         9AV CANDIDO DE ABREU, 70                            80530000                                                            000004
9                                                                                                                                                                                                                                                                                                                                                                                                         000005