01REMESSA01COBRANCA       00000000000004852239ISPCN                         237BRADESCO       250319        MX0003116                                                                                                                                                                                                                                                                                     000001
100000 000000000000 00090345100325490REGTIT31161563630215     0002020000005995532500000000002N           2  01000599553215041900000000486670000000099N250319000000000000000320000000000000000000000000000000000000000000000100066205603187NAURA MARIA FEITOSA                     RUA 12 RESIDENCIAL BRENDA, 1476 CENTRO C            79556000                                                            000002
100000 000000000000 00090345100325490REGTIT31161563630215     0002020000005995533300000000002N           2  01000599553315051900000000486670000000099N250319000000000000000320000000000000000000000000000000000000000000000100066205603187NAURA MARIA FEITOSA                     RUA 12 RESIDENCIAL BRENDA, 1476 CENTRO C            79556000                                                            000003
100000 000000000000 00090345100325490REGTIT31162003755643     0002020000005994238P00000000002N           2  02000599423820041900000000700000000000099N210319000000000000000470000000000000000000000000000000000000000000000203846642000285JATINOX                                 AVENIDA DOS PINHEIRAIS, 2209 CAPELA VELH            83705570                                                            000004
100000 000000000000 00090345100325490REGTIT31162107873447     0002020000005994237100000000002N           2  02000599423720041900000000700000000000099N210319000000000000000470000000000000000000000000000000000000000000000203846642000285JATINOX                                 AVENIDA DOS PINHEIRAIS, 2209 CAPELA VELH            83705570                                                            000005
100000 000000000000 00090345100325490REGTIT31162586523153     0002020000005995477900000000002N           2  01000599547722041900000000243500000000099N250319000000000000000160000000000000000000000000000000000000000000000205783827000132MERCADO JOSIGOM                         VICTOR ALVES FERREIRA, 226 ITALIA SAO JO            83020294                                                            000006
100000 000000000000 00090345100325490REGTIT31163305166715     0002020000005995505800000000002N           2  01000599550510051900000000300500000000099N250319000000000000000200000000000000000000000000000000000000000000000100038127026816LEDA MARIA DA OLIVEIRA SILVA            ANTONIO NUNES DE AZEVEDO, 465 JARDIM IRA            05891170                                                            000007
100000 000000000000 00090345100325490REGTIT31163539195871     0002020000005995492200000000002N           2  01000599549228041900000000350000000000099N250319000000000000000230000000000000000000000000000000000000000000000100038127026816LEDA MARIA DA OLIVEIRA SILVA            ANTONIO NUNES DE AZEVEDO, 465 JARDIM IRA            05891170                                                            000008
100000 000000000000 00090345100325490REGTIT31165053420083     0002020000005995465500000000002N           2  01000599546520041900000000650000000000099N250319000000000000000430000000000000000000000000000000000000000000000100079229239968ADEMIL DE OLIVEIRA                      GARDENE, 152 CASA GUARITUBA PIRAQUARA PR            83331030                                                            000009
100000 000000000000 00090345100325490REGTIT31165053420083     0002020000005995466300000000002N           2  01000599546620051900000000650000000000099N250319000000000000000430000000000000000000000000000000000000000000000100079229239968ADEMIL DE OLIVEIRA                      GARDENE, 152 CASA GUARITUBA PIRAQUARA PR            83331030                                                            000010
100000 000000000000 00090345100325490REGTIT31166017516623     0002020000005995478700000000002N           2  01000599547815041900000000486670000000099N250319000000000000000320000000000000000000000000000000000000000000000100044797923172CARLOS MORENO                           RUA VENEZUELA, 505 CENTRO NAVIRAI MS                79950000                                                            000011
100000 000000000000 00090345100325490REGTIT31166017516623     0002020000005995479500000000002N           2  01000599547915051900000000486670000000099N250319000000000000000320000000000000000000000000000000000000000000000100044797923172CARLOS MORENO                           RUA VENEZUELA, 505 CENTRO NAVIRAI MS                79950000                                                            000012
100000 000000000000 00090345100325490REGTIT31166401052305     0002020000005995547300000000002N           2  01000599554708041900000000437500000000099N250319000000000000000290000000000000000000000000000000000000000000000100004497158926FABIO GUSTAVO GABOARDI                  PERNAMBUCO, 15 SILVEIRA DA MOTTA SAO JOS            83030380                                                            000013
100000 000000000000 00090345100325490REGTIT31167082456789     0002020000005995488400000000002N           2  01000599548825041900000000250000000000099N250319000000000000000170000000000000000000000000000000000000000000000100044797923172CARLOS MORENO                           RUA VENEZUELA, 505 CENTRO NAVIRAI MS                79950000                                                            000014
100000 000000000000 00090345100325490REGTIT31167353277690     0002020000005995548100000000002N           2  01000599554815041900000000486000000000099N250319000000000000000320000000000000000000000000000000000000000000000282242512000129MERCADO SAO JORGE                       CANOINHAS, 582 SAO SEBASTIAO SAO JOSE DO            83075050                                                            000015
100000 000000000000 00090345100325490REGTIT31169483996981     0002020000005995504P00000000002N           2  01000599550410041900000000134740000000099N250319000000000000000090000000000000000000000000000000000000000000000100079229239968ADEMIL DE OLIVEIRA                      GARDENE, 152 CASA GUARITUBA PIRAQUARA PR            83331030                                                            000016
100000 000000000000 00090345100325490REGTIT31169690269889     0002020000005995545700000000002N           2  01000599554510041900000000238860000000099N250319000000000000000160000000000000000000000000000000000000000000000100006799798911RODRIGO DA SILVA                        ,  BUTIATUVINHA CURITIBA PR                         82320520                                                            000017
100000 000000000000 00090345100325490REGTIT31169690269889     0002020000005995546500000000002N           2  01000599554610051900000000238860000000099N250319000000000000000160000000000000000000000000000000000000000000000100006799798911RODRIGO DA SILVA                        ,  BUTIATUVINHA CURITIBA PR                         82320520                                                            000018
9                                                                                                                                                                                                                                                                                                                                                                                                         000019