01REMESSA01COBRANCA       00000000000004852239ISPCN                         237BRADESCO       190319        MX0003066                                                                                                                                                                                                                                                                                     000001
100000 000000000000 00090345100325490REGTIT30661587013279     0002020000005993688600000000002N           2  01000599368819041900000000601250000000099N190319000000000000000400000000000000000000000000000000000000000000000205353545001762NORMATEL ENGENHARIA LTDA                ELEOSINA PEREIRA DE QUEIROS MATOSO, 130             27940050                                                            000002
100000 000000000000 00090345100325490REGTIT30662250646269     0002020000005968480100000000002N           2  02000596848028021900000000503750000000099N221218000000000000000340000000000000000000000000000000000000000000000100049832079888GABRIEL LEITE DA SILVA                  MARIA HENRIQUETA INACIO BAPTISTA, 315 JA            06775151                                                            000003
100000 000000000000 00090345100325490REGTIT30662250646269     0002020000005968481P00000000002N           2  02000596848130031900000000503750000000099N221218000000000000000340000000000000000000000000000000000000000000000100049832079888GABRIEL LEITE DA SILVA                  MARIA HENRIQUETA INACIO BAPTISTA, 315 JA            06775151                                                            000004
100000 000000000000 00090345100325490REGTIT30664477991142     0002020000005900858P00000000002N           2  02000590085810031900000000179400000000099N020618000000000000000120000000000000000000000000000000000000000000000100020513409866ADRIANA MARTINS SALGADO                 EST SÃO FRANCISCO, 1041  AP 233 BL B JD             06764290                                                            000005
100000 000000000000 00090345100325490REGTIT30664861787478     0002020000005958569200000000002N           2  02000595856910031900000000060000000000099N241118000000000000000040000000000000000000000000000000000000000000000100046761489920JOAO CORREIA                            ATLAS, 940 CENTRO OURIZONA PR                       87170000                                                            000006
100000 000000000000 00090345100325490REGTIT30665001979656     0002020000005993711400000000002N           2  01000599371111041900000000309930000000099N190319000000000000000210000000000000000000000000000000000000000000000100035831693287JOSE RIBAMAR DA SILVA                   QD 699  LOTE 04 CASA B CH 47 RESID. TAIN            72860000                                                            000007
100000 000000000000 00090345100325490REGTIT30665001979656     0002020000005993712200000000002N           2  01000599371211051900000000309930000000099N190319000000000000000210000000000000000000000000000000000000000000000100035831693287JOSE RIBAMAR DA SILVA                   QD 699  LOTE 04 CASA B CH 47 RESID. TAIN            72860000                                                            000008
100000 000000000000 00090345100325490REGTIT30665221088818     0002020000005928239800000000002N           2  02000592823923021900000000108330000000099N230818000000000000000070000000000000000000000000000000000000000000000100024847344847GERLANDIO VIEIRA DE FREITAS             SAO LAZARO GLEBA 03 CASA 03 NUMERO 353,             72700000                                                            000009
100000 000000000000 00090345100325490REGTIT30667470103200     0002020000005993684300000000002N           2  01000599368419041900000000224500000000099N190319000000000000000150000000000000000000000000000000000000000000000100022145650865MARCIO FERREIRA                         DOM PEDRO DE ALCANTARA (VL S PEDRO), 320            09784000                                                            000010
100000 000000000000 00090345100325490REGTIT30667511923271     0002020000005985043400000000002N           2  02000598504320031900000000230000000000099N160219000000000000000150000000000000000000000000000000000000000000000100028950007860SARA QUEIROZ RIBEIRO FELICIANO          ORLANDO CERCHIARE, 105 JARDIM VILA RICA             13453255                                                            000011
100000 000000000000 00090345100325490REGTIT30668864709374     0002020000005985201100000000002N           2  02000598520118031900000000201750000000099N180219000000000000000130000000000000000000000000000000000000000000000100010244805938CLEYTON MONTOLI                         JACKSON LUIZ PAVIN, 236 CASA 02 ROCA GRA            83402194                                                            000012
100000 000000000000 00090345100325490REGTIT30668991510752     0002020000005993695900000000002N           2  01000599369519041900000002200000000000099N190319000000000000001470000000000000000000000000000000000000000000000100028009060810EDUARDO PARECIDO FERNANDES              ENGENHEIRO ANTONIO LACERDA, 10 CASA 04 J            05893090                                                            000013
9                                                                                                                                                                                                                                                                                                                                                                                                         000014