01REMESSA01COBRANCA       00000000000004972103WC SISTEMAS E EQUIPAMENTOS DE 237BRADESCO       110319        MX0002607                                                                                                                                                                                                                                                                                     000001
100000 000000000000 00090345100240370REGTIT26071808063193     0002020000005922116P00000000002N           2  02180806319330081800000000132800000000099N080818000000000000000200000000000000000000000000000000000000000000000207722538000159L VISUAL ARTE SPORT LTDA - ME           RUA PIAUI, 600                                      65901600                                                            000002
100000 000000000000 00090345100240370REGTIT26071809063193     0002020000005932972600000000002N           2  02180906319328091800000000132800000000099N110918000000000000000200000000000000000000000000000000000000000000000207722538000159L VISUAL ARTE SPORT LTDA - ME           RUA PIAUI, 600                                      65901600                                                            000003
100000 000000000000 00090345100240370REGTIT26071810063193     0002020000005942299800000000002N           2  02181006319330101800000000132800000000099N081018000000000000000200000000000000000000000000000000000000000000000207722538000159L VISUAL ARTE SPORT LTDA - ME           RUA PIAUI, 600                                      65901600                                                            000004
100000 000000000000 00090345100240370REGTIT26071811070843     0002020000005955077500000000002N           2  04181107084330111800000000134800000000099N091118000000000000000200000000000000000000000000000000000000000023120228727145000108EUNICE GOMES DA SILVA NASCIMENTO ME     RUA TRINDADE, 1130                                  82920120                                                            000005
100000 000000000000 00090345100240370REGTIT26071901070843     0002020000005973643700000000002N           2  04190107084330011900000000134800000000099N110119000000000000000200000000000000000000000000000000000000000010790228727145000108EUNICE GOMES DA SILVA NASCIMENTO ME     RUA TRINDADE, 1130                                  82920120                                                            000006
100000 000000000000 00090345100240370REGTIT26071902070843     0002020000005982396800000000002N           2  04190207084328021900000000134800000000099N080219000000000000000200000000000000000000000000000000000000000004500228727145000108EUNICE GOMES DA SILVA NASCIMENTO ME     RUA TRINDADE, 1130                                  82920120                                                            000007
100000 000000000000 00090345100240370REGTIT26071902071033     0002020000005982493P00000000002N           2  02190207103328021900000000212200000000099N080219000000000000000320000000000000000000000000000000000000000000000219613552000101MI ODONTOLOGICA ESPECIALIZADA LTDA      AVENIDA IRAI, 741                                   83321008                                                            000008
100000 000000000000 00090345100240370REGTIT260799710855456    0002020090005987193900000000002N           2  01997108554514051900000000138010000000099N110319000000000000000210000000000000000000000000000000000000000000000100009040585903MAGALI WILSEK                           RUA AVESTRUZ, 813                                   83706230                                                            000009
100000 000000000000 00090345100240370REGTIT2607996584763626   0002020090005987201300000000002N           2  01996584763612041900000000262200000000099N110319000000000000000390000000000000000000000000000000000000000000000210406634000100AABG MECANICA E AUTO PECAS LTDA         RUA DOUTOR MANOEL LINHARES DE LACERDA, 1            81110100                                                            000010
100000 000000000000 00090345100240370REGTIT2607996584770409   0002020090005987200500000000002N           2  01996584770412031900000000262200000000099N110319000000000000000390000000000000000000000000000000000000000000000210406634000100AABG MECANICA E AUTO PECAS LTDA         RUA DOUTOR MANOEL LINHARES DE LACERDA, 1            81110100                                                            000011
100000 000000000000 00090345100240370REGTIT2607996692774730   0002020090005987197100000000002N           2  01996692774712041900000000169800000000099N110319000000000000000250000000000000000000000000000000000000000000000226383577000113A REPUBLICA HALL PETISCOS E BAR EIRELI MRUA CORONEL MANOEL ALVES CORDEIRO, 41               83304080                                                            000012
100000 000000000000 00090345100240370REGTIT2607996692776167   0002020090005987198P00000000002N           2  01996692776112051900000000169800000000099N110319000000000000000250000000000000000000000000000000000000000000000226383577000113A REPUBLICA HALL PETISCOS E BAR EIRELI MRUA CORONEL MANOEL ALVES CORDEIRO, 41               83304080                                                            000013
100000 000000000000 00090345100240370REGTIT2607996692794216   0002020090005987196300000000002N           2  01996692794212031900000000169800000000099N110319000000000000000250000000000000000000000000000000000000000000000226383577000113A REPUBLICA HALL PETISCOS E BAR EIRELI MRUA CORONEL MANOEL ALVES CORDEIRO, 41               83304080                                                            000014
100000 000000000000 00090345100240370REGTIT2607996763327523   0002020090005987205600000000002N           2  01996763327512041900000000144800000000099N110319000000000000000220000000000000000000000000000000000000000000000207911468000187ADEMILSON RODRIGUES SANTOS              RUA RUTILDO PULIDO, 470                             82980620                                                            000015
100000 000000000000 00090345100240370REGTIT2607996763340579   0002020090005987204800000000002N           2  01996763340512031900000000144800000000099N110319000000000000000220000000000000000000000000000000000000000000000207911468000187ADEMILSON RODRIGUES SANTOS              RUA RUTILDO PULIDO, 470                             82980620                                                            000016
100000 000000000000 00090345100240370REGTIT2607996979541241   0002020090005987182300000000002N           2  01996979541212031900000000276500000000099N110319000000000000000410000000000000000000000000000000000000000000000218778257000134ALVES SILVEIRA LANCHES                  RUA MANOEL RIBAS , 2333                             83708353                                                            000017
100000 000000000000 00090345100240370REGTIT2607996979545819   0002020090005987183100000000002N           2  01996979545812041900000000276500000000099N110319000000000000000410000000000000000000000000000000000000000000000218778257000134ALVES SILVEIRA LANCHES                  RUA MANOEL RIBAS , 2333                             83708353                                                            000018
100000 000000000000 00090345100240370REGTIT2607997054255480   0002020090005987190400000000002N           2  01997054255414051900000000170920000000099N110319000000000000000260000000000000000000000000000000000000000000000215833345000101OOI DENTS CLINICA ODONTOLOGICA LTDA ME  RUA EDUARDO PINTO DA ROCHA, 542                     81850000                                                            000019
100000 000000000000 00090345100240370REGTIT2607997054276146   0002020090005987189000000000002N           2  01997054276114041900000000170920000000099N110319000000000000000260000000000000000000000000000000000000000000000215833345000101OOI DENTS CLINICA ODONTOLOGICA LTDA ME  RUA EDUARDO PINTO DA ROCHA, 542                     81850000                                                            000020
100000 000000000000 00090345100240370REGTIT2607997054290858   0002020090005987188200000000002N           2  01997054290814031900000000170920000000099N110319000000000000000260000000000000000000000000000000000000000000000215833345000101OOI DENTS CLINICA ODONTOLOGICA LTDA ME  RUA EDUARDO PINTO DA ROCHA, 542                     81850000                                                            000021
100000 000000000000 00090345100240370REGTIT2607997105765310   0002020090005987194700000000002N           2  01997105765314031900000000224030000000099N110319000000000000000340000000000000000000000000000000000000000000000229936768000153MONICA SEVERINO DOS SANTOS OLIVEIRA  299AVENIDA GOVERNADOR CARLOS LACERDA, 432              81170460                                                            000022
100000 000000000000 00090345100240370REGTIT2607997105799411   0002020090005987195500000000002N           2  01997105799414041900000000224030000000099N110319000000000000000340000000000000000000000000000000000000000000000229936768000153MONICA SEVERINO DOS SANTOS OLIVEIRA  299AVENIDA GOVERNADOR CARLOS LACERDA, 432              81170460                                                            000023
100000 000000000000 00090345100240370REGTIT2607997108510651   0002020090005987191200000000002N           2  01997108510614031900000000138010000000099N110319000000000000000210000000000000000000000000000000000000000000000100009040585903MAGALI WILSEK                           RUA AVESTRUZ, 813                                   83706230                                                            000024
100000 000000000000 00090345100240370REGTIT2607997108561189   0002020090005987192000000000002N           2  01997108561114041900000000138010000000099N110319000000000000000210000000000000000000000000000000000000000000000100009040585903MAGALI WILSEK                           RUA AVESTRUZ, 813                                   83706230                                                            000025
100000 000000000000 00090345100240370REGTIT2607997142656879   0002020090005987184P00000000002N           2  01997142656812031900000000198630000000099N110319000000000000000300000000000000000000000000000000000000000000000230526971000130RAFAEL ERNANDES                         RUA RAYNOLDO MORBIS, 250                            82980010                                                            000026
100000 000000000000 00090345100240370REGTIT2607997187710672   0002020090005987199800000000002N           2  01997187710612031900000000332100000000099N110319000000000000000500000000000000000000000000000000000000000000000228682769000156BUDEGA EIRELI                           R PADRE BITTENCOURT, 76                             83030490                                                            000027
100000 000000000000 00090345100240370REGTIT2607997278028629   0002020090005987186600000000002N           2  01997278028614041900000000140860000000099N110319000000000000000210000000000000000000000000000000000000000000000220157058000150POINT MIX COMERCIO E CONVENIENCIA LTDA  AV NOSSA SENHORA DOS REMEDIOS, 1413                 83704525                                                            000028
100000 000000000000 00090345100240370REGTIT2607997278070927   0002020090005987187400000000002N           2  01997278070914051900000000140860000000099N110319000000000000000210000000000000000000000000000000000000000000000220157058000150POINT MIX COMERCIO E CONVENIENCIA LTDA  AV NOSSA SENHORA DOS REMEDIOS, 1413                 83704525                                                            000029
100000 000000000000 00090345100240370REGTIT2607997278094504   0002020090005987185800000000002N           2  01997278094514031900000000140860000000099N110319000000000000000210000000000000000000000000000000000000000000000220157058000150POINT MIX COMERCIO E CONVENIENCIA LTDA  AV NOSSA SENHORA DOS REMEDIOS, 1413                 83704525                                                            000030
9                                                                                                                                                                                                                                                                                                                                                                                                         000031