01REMESSA01COBRANCA       00000000000004852239ISPCN                         237BRADESCO       150319        MX0003052                                                                                                                                                                                                                                                                                     000001
100000 000000000000 00090345100325490REGTIT30521184663118     0002020000005908983000000000002N           2  02000590898319031900000000046970000000099N190618000000000000000030000000000000000000000000000000000000000000000100008867173960GESSICA ALINE CARUZO                    ARITA, 880 CASA CENTRO OURIZONA PR                  87170000                                                            000002
100000 000000000000 00090345100325490REGTIT30521317875521     0002020000005977640400000000002N           2  02000597764010031900000000056750000000099N280119000000000000000040000000000000000000000000000000000000000000000100045030779884ADRIANE PEREIRA DE SOUZA                RUA QUATRO, 102 JARDIM PAULISTA MONTE MO            13190000                                                            000003
100000 000000000000 00090345100325490REGTIT30521683602192     0002020000005926169200000000002N           2  02000592616925031900000000140000000000099N100818000000000000000190000000000000000000000000000000000000000000000100080639445853EZEQUIEL UZIAS CESAR                    ESTRADA SERRA DO JAIRE, 100 CASA MONTE S            06685399                                                            000004
100000 000000000000 00090345100325490REGTIT30521769723275     0002020000005937884000000000002N           2  02000593788413031900000000095000000000099N180918000000000000000060000000000000000000000000000000000000000000000100002151906450MARIA DO SOCORRO NUNES LIMA             RUA DAS GARDENEAS, 35 DOM MALAN PETROLIN            56300000                                                            000005
100000 000000000000 00090345100325490REGTIT30521822306911     0002020000005960278300000000002N           2  02000596027810031900000000238000000000099N041218000000000000000160000000000000000000000000000000000000000000000100092427243191FLAVIA ALVES DA SILVA                   QS 411 CONJ F LOTE 1|2 APT 606, 606 VILA            72000000                                                            000006
100000 000000000000 00090345100325490REGTIT30522090977347     0002020000005902819P00000000002N           2  02000590281915031900000000072000000000099N090618000000000000000050000000000000000000000000000000000000000000000100006820582110BIANCA MARIA DE MELO                    TAMBAQUI, 14 JARDIM CENTRO OESTE CAMPO G            79073152                                                            000007
100000 000000000000 00090345100325490REGTIT30522708105291     0002020000005985020500000000002N           2  02000598502015031900000000100000000000099N150219000000000000000070000000000000000000000000000000000000000000000100001693523230PERCIO TEIXEIRA DE OLIVEIRA NETO        ALAMEDA SÃO JOÃO, 34 RUA 8 DE MAIO AGULH            66813020                                                            000008
100000 000000000000 00090345100325490REGTIT30522726016458     0002020000005927075600000000002N           2  02000592707508031900000000100000000000099N160818000000000000000070000000000000000000000000000000000000000000000100071619542153EVANETE MARIA DIAS                      AV: ANTONIO ESTEVAO DOS SANTOS, 633 B JO            56300000                                                            000009
100000 000000000000 00090345100325490REGTIT30522808588730     0002020000005985164300000000002N           2  02000598516416031900000000038950000000099N160219000000000000000030000000000000000000000000000000000000000000000100007894933902JAQUELINE MARQUESETTI                   PIONEIROS, 42 CENTRO OURIZONA PR                    87170000                                                            000010
100000 000000000000 00090345100325490REGTIT30522966015744     0002020000005968314700000000002N           2  02000596831420031900000000239000000000099N211218000000000000000160000000000000000000000000000000000000000000000100001535189363ADRIANA BENTO MARTINS                   QUADRA 13 LOTE, 04 CS 04 MANSSOES POR DO            72915475                                                            000011
100000 000000000000 00090345100325490REGTIT30523106220496     0002020000005969034800000000002N           2  02000596903408031900000000176000000000099N281218000000000000000120000000000000000000000000000000000000000000000100000435613146MARIA DA CONCEIÇÃO OLIVEIRA DA SILVA    1029 CONJUNTO 2, 02 SAMAMBAIA NORTE SAMA            72339002                                                            000012
100000 000000000000 00090345100325490REGTIT30523242628723     0002020000005966619600000000002N           2  02000596661911031900000000059270000000099N111218000000000000000040000000000000000000000000000000000000000000000100008778073960ADAILTON DO NASCIMENTO MENEZES          PIONEIRO MIGUEL ELVIRA, 13 CONJ AMADO OU            87170000                                                            000013
100000 000000000000 00090345100325490REGTIT30523952600223     0002020000005957592100000000002N           2  02000595759217031900000000056300000000099N171118000000000000000040000000000000000000000000000000000000000000000100074486837991LUCIMAR FATIMA CALVO                    ARITA, 1530 CENTRO OURIZONA PR                      87170000                                                            000014
100000 000000000000 00090345100325490REGTIT30524342795159     0002020000005978389300000000002N           2  02000597838904031900000000067500000000099N040219000000000000000050000000000000000000000000000000000000000000000100082732965120JOSINA PEREIRA CARDOSO                  QR 413 CONJ 03 CASA 2, 2 PROPIO SAMAMBAI            72000000                                                            000015
100000 000000000000 00090345100325490REGTIT30524610922353     0002020000005897777500000000002N           2  02000589777716031900000000111190000000099N160518000000000000000070000000000000000000000000000000000000000000000100008867173960GESSICA ALINE CARUZO                    ARITA, 880 CASA CENTRO OURIZONA PR                  87170000                                                            000016
100000 000000000000 00090345100325490REGTIT30524646220807     0002020000005976976900000000002N           2  02000597697620021900000000164000000000099N230119000000000000000110000000000000000000000000000000000000000000000100002677248964JULIO CESAR DOS SANTOS                  HABIB SARKIS, 175 HABITAT AFONSO PENA SA            83045725                                                            000017
100000 000000000000 00090345100325490REGTIT30524660486173     0002020000005949092600000000002N           2  02000594909225031900000000300000000000099N251018000000000000000200000000000000000000000000000000000000000000000100096277785834ANTONIO BENEVIDES M PRADO               ENEIDE BOCATTO DE BARROS, 74 JARDIM VIST            13458584                                                            000018
100000 000000000000 00090345100325490REGTIT30525044749764     0002020000005946909900000000002N           2  02000594690910031900000000075000000000099N101018000000000000000050000000000000000000000000000000000000000000000100004670697439KEZIA   JUVYANE   ALVES   FERREIRA      RUA  DA  GITIRANA, N 315 AREIA  BRANCA              56300000                                                            000019
100000 000000000000 00090345100325490REGTIT30525185215373     0002020000005957604900000000002N           2  02000595760417031900000000058880000000099N171118000000000000000040000000000000000000000000000000000000000000000100074486837991LUCIMAR FATIMA CALVO                    ARITA, 1530 CENTRO OURIZONA PR                      87170000                                                            000020
100000 000000000000 00090345100325490REGTIT30525878237407     0002020000005938254600000000002N           2  02000593825410031900000000085000000000099N200918000000000000000060000000000000000000000000000000000000000000000100068201079434MARIA DE FATIMA DA CONCEICAO ALVES      RUA 24, 301 PEDRO RAIMUNDO PETROLINA PE             56300000                                                            000021
100000 000000000000 00090345100325490REGTIT30526027819890     0002020000005947483100000000002N           2  02000594748315031900000000045000000000099N151018000000000000000030000000000000000000000000000000000000000000000100002052824316JACKSON SILVA                           RUA 05 QUADRA 48 LOTE 19 CASA 02, SN ATR            77270000                                                            000022
100000 000000000000 00090345100325490REGTIT30526192004303     0002020000005957598000000000002N           2  02000595759817031900000000056560000000099N171118000000000000000040000000000000000000000000000000000000000000000100074486837991LUCIMAR FATIMA CALVO                    ARITA, 1530 CENTRO OURIZONA PR                      87170000                                                            000023
100000 000000000000 00090345100325490REGTIT30526715456338     0002020000005939119700000000002N           2  02000593911920021900000000180000000000099N250918000000000000000120000000000000000000000000000000000000000000000100010093377851ANA LUCIA FRANCHI DE ALMEIDA            PERNAMBUCO, 324 VILA BRASIL SANTA BÁRBAR            13450000                                                            000024
100000 000000000000 00090345100325490REGTIT30526745799018     0002020000005928984800000000002N           2  02000592898414021900000000095000000000099N270818000000000000000060000000000000000000000000000000000000000000000100002539712410JOSE EDMILSON DE ARAUJO VITORINO        RUA 47, 110 SAO GONCAALO PETROLINA PE               56300000                                                            000025
100000 000000000000 00090345100325490REGTIT30527041221476     0002020000005984422100000000002N           2  02000598442212031900000000206730000000099N120219000000000000000140000000000000000000000000000000000000000000000100034777121534VITAL VIEIRA DE SOUZA                   QUADRA 27 CONJUNTO A  LOTE, 09 CASA 04 P            72910280                                                            000026
100000 000000000000 00090345100325490REGTIT30527076723558     0002020000005966467300000000002N           2  02000596646705031900000000145670000000099N111218000000000000000100000000000000000000000000000000000000000000000100045798982904JOAO DO CARMO COSTA                     ANTONIO DUARTE, 318 CARVALHO HENRIQUE BA            86360000                                                            000027
100000 000000000000 00090345100325490REGTIT30527141971617     0002020000005947905100000000002N           2  02000594790517021900000000158330000000099N181018000000000000000110000000000000000000000000000000000000000000000100002132922462MARIA  EMILIA  SANTOS  ARAUJO           RUA  PADRE  FRAGLA, N 370 CENTRO PETROLI            56300000                                                            000028
100000 000000000000 00090345100325490REGTIT30527141971617     0002020000005947906P00000000002N           2  02000594790617031900000000158330000000099N181018000000000000000110000000000000000000000000000000000000000000000100002132922462MARIA  EMILIA  SANTOS  ARAUJO           RUA  PADRE  FRAGLA, N 370 CENTRO PETROLI            56300000                                                            000029
100000 000000000000 00090345100325490REGTIT30527141971617     0002020000005947907800000000002N           2  02000594790717041900000000158350000000099N181018000000000000000110000000000000000000000000000000000000000000000100002132922462MARIA  EMILIA  SANTOS  ARAUJO           RUA  PADRE  FRAGLA, N 370 CENTRO PETROLI            56300000                                                            000030
100000 000000000000 00090345100325490REGTIT30527173717452     0002020000005947651600000000002N           2  02000594765110031900000000091670000000099N161018000000000000000060000000000000000000000000000000000000000000000100031098550463MARIA  DO  CARMO  SILVA                 RUA  RIO  PAJEU, N 84 JOSE  E  MARIA PET            56300000                                                            000031
100000 000000000000 00090345100325490REGTIT30527499371576     0002020000005937942100000000002N           2  02000593794210031900000000106250000000099N180918000000000000000070000000000000000000000000000000000000000000000100009087153406ANA  PAULA  DE  ANDRADE                 RUA  C BLOCO SALVADOR, N 004 BERNARDINO             56300000                                                            000032
100000 000000000000 00090345100325490REGTIT30527642688370     0002020000005967166100000000002N           2  02000596716614031900000000034960000000099N141218000000000000000020000000000000000000000000000000000000000000000100003595782925SILMARA LUIZA DA SILVA                  PROJETADA A, 61 CENTRO OURIZONA PR                  87170000                                                            000033
100000 000000000000 00090345100325490REGTIT30527642688370     0002020000005967167P00000000002N           2  02000596716714041900000000034960000000099N141218000000000000000020000000000000000000000000000000000000000000000100003595782925SILMARA LUIZA DA SILVA                  PROJETADA A, 61 CENTRO OURIZONA PR                  87170000                                                            000034
100000 000000000000 00090345100325490REGTIT30527642688370     0002020000005967168800000000002N           2  02000596716814051900000000034960000000099N141218000000000000000020000000000000000000000000000000000000000000000100003595782925SILMARA LUIZA DA SILVA                  PROJETADA A, 61 CENTRO OURIZONA PR                  87170000                                                            000035
100000 000000000000 00090345100325490REGTIT30528490965291     0002020000005957355400000000002N           2  02000595735510031900000000120000000000099N161118000000000000000080000000000000000000000000000000000000000000000100000077619293ALESSANDRABARATA DE ANDRADE             SANTA ISABEL, 697 CRUZEIRO (ICOARACI) BE            66810090                                                            000036
100000 000000000000 00090345100325490REGTIT30528775579432     0002020000005984119200000000002N           2  02000598411912031900000000100000000000099N090219000000000000000070000000000000000000000000000000000000000000000100056397666115APARECIDO CRISTIANO DE JESUS SILVA      QR415 CONJ08 CASA, 21 PROPIO  NORTE SAMA            72323008                                                            000037
100000 000000000000 00090345100325490REGTIT30528885239114     0002020000005975425700000000002N           2  02000597542515031900000000112500000000099N120119000000000000000080000000000000000000000000000000000000000000000100083473530182MANOEL ARLINDO PEREIRA                  QR 415 CONJ 15 CS 41, 41 CS 41 SAMAMBAIA            70000000                                                            000038
100000 000000000000 00090345100325490REGTIT30529216660463     0002020000005975932100000000002N           2  02000597593217031900000000062900000000099N160119000000000000000040000000000000000000000000000000000000000000000100074486837991LUCIMAR FATIMA CALVO                    ARITA, 1530 CENTRO OURIZONA PR                      87170000                                                            000039
100000 000000000000 00090345100325490REGTIT30529582068564     0002020000005985101500000000002N           2  02000598510116031900000000275000000000099N160219000000000000000180000000000000000000000000000000000000000000000100062481991915ELZA SALVAGNINI SILVA                   AGUAS DE SAO PEDRO, 484 SAO JOAQUIM SBO             13450000                                                            000040
100000 000000000000 00090345100325490REGTIT30529678954026     0002020000005984916900000000002N           2  02000598491615031900000000050000000000099N150219000000000000000030000000000000000000000000000000000000000000000100000755382102CLEONICE SARAIVA DA SILVA               QR 415 CONJ 09 CASA, 4 SAMAMBAIA BRASILI            72323009                                                            000041
100000 000000000000 00090345100325490REGTIT30529734086100     0002020000005947101800000000002N           2  02000594710108031900000000265000000000099N111018000000000000000180000000000000000000000000000000000000000000000100069608717434EDINILDA GUIMARAES DE SOUZA             RUA: 29, 50 PROJETO MARIA TEREZA KM 25 P            56300000                                                            000042
100000 000000000000 00090345100325490REGTIT30529897625520     0002020000005976120200000000002N           2  02000597612017031900000000096500000000099N170119000000000000000060000000000000000000000000000000000000000000000100035949651987NELSON PEDRO BATHEKE                    DOMINGOS AGABITO BUDEL, 221 BUTIATUVINHA            82400390                                                            000043
9                                                                                                                                                                                                                                                                                                                                                                                                         000044