01REMESSA01COBRANCA       00000000000004852239ISPCN                         237BRADESCO       200319        MX0003083                                                                                                                                                                                                                                                                                     000001
100000 000000000000 00090345100325490REGTIT30831218729201     0002020000005994158800000000002N           2  01000599415820041900000002000000000000099N200319000000000000001330000000000000000000000000000000000000000000000100036792787809PATRICIA GALDINO DA SILVA               INACIO LIMA, 33 CASA04 JARDIM SAO LUIS S            05844090                                                            000002
100000 000000000000 00090345100325490REGTIT30831375553810     0002020000005987010900000000002N           2  02000598701015031900000000210000000000099N090319000000000000000140000000000000000000000000000000000000000000000100037564791888TAINA KRYSIA G TEIXEIRA                 OSORIO DUQUE ESTRADA, 647 JD BATIGIM SBO            13450000                                                            000003
100000 000000000000 00090345100325490REGTIT30831689289977     0002020000005939031P00000000002N           2  02000593903106031900000000300000000000099N250918000000000000000200000000000000000000000000000000000000000000000100009993020869BEATRIZ ROCHA                           ARGEMIRO CAMARGO PEDROSO, 1842 JARDIM SA            13457132                                                            000004
100000 000000000000 00090345100325490REGTIT30831796789305     0002020000005994162600000000002N           2  01000599416219041900000000055000000000099N200319000000000000000040000000000000000000000000000000000000000000000100001005691967DANIEL MACHADO CUNHA                    JUSSARA, 3770 SOB B SITIO CERCADO CURITI            81920540                                                            000005
100000 000000000000 00090345100325490REGTIT30831796789305     0002020000005994163400000000002N           2  01000599416319051900000000055000000000099N200319000000000000000040000000000000000000000000000000000000000000000100001005691967DANIEL MACHADO CUNHA                    JUSSARA, 3770 SOB B SITIO CERCADO CURITI            81920540                                                            000006
100000 000000000000 00090345100325490REGTIT30831953551082     0002020000005978965400000000002N           2  02000597896520031900000000290000000000099N070219000000000000000190000000000000000000000000000000000000000000000100063105993215DELMANA FIGUEIREDO DAS NEVES            VILA DOS INOCENTES, 160 CAMPINA DE ICOAR            66813175                                                            000007
100000 000000000000 00090345100325490REGTIT30832075738732     0002020000005994149900000000002N           2  01000599414910051900000000240000000000099N200319000000000000000160000000000000000000000000000000000000000000000100029177187814ANTONIO ERIVELDO MESQUITA BARBOSA       RUA PRIMEIRO DE AGOSTO, 24 MONTANHAO SAO            09784480                                                            000008
100000 000000000000 00090345100325490REGTIT30832410532587     0002020000005902059800000000002N           2  02000590205915031900000000330000000000099N070618000000000000000220000000000000000000000000000000000000000000000100037564791888TAINA KRYSIA G TEIXEIRA                 OSORIO DUQUE ESTRADA, 647 JD BATIGIM SBO            13450000                                                            000009
100000 000000000000 00090345100325490REGTIT30832575928212     0002020000005978228500000000002N           2  02000597822830031900000000110000000000099N010219000000000000000070000000000000000000000000000000000000000000000100024683981220MARIA RUTHPALHA DE OLIVEIRA             CORONEL JUVENCIO SARMENTO, 965 CASA DOS             66810080                                                            000010
100000 000000000000 00090345100325490REGTIT30833052051203     0002020000005968430500000000002N           2  02000596843015031900000000034690000000099N221218000000000000000020000000000000000000000000000000000000000000000100011815988932RAPHAELA DOS SANTOS CAVICHIO            CAMPO GRANDE, 1131 CENTRO OURIZONA PR               87170000                                                            000011
100000 000000000000 00090345100325490REGTIT30833218514347     0002020000005994143P00000000002N           2  01000599414310041900000000165000000000099N200319000000000000000110000000000000000000000000000000000000000000000100078883962249ALINE JORGE PEDRA                       RODOVIA TRANSAMAZONICA, S|N KM 244 PACAJ            68485000                                                            000012
100000 000000000000 00090345100325490REGTIT30833218514347     0002020000005994144800000000002N           2  01000599414410051900000000165000000000099N200319000000000000000110000000000000000000000000000000000000000000000100078883962249ALINE JORGE PEDRA                       RODOVIA TRANSAMAZONICA, S|N KM 244 PACAJ            68485000                                                            000013
100000 000000000000 00090345100325490REGTIT30833303097511     0002020000005949014400000000002N           2  02000594901419021900000000075000000000099N251018000000000000000050000000000000000000000000000000000000000000000100086567926449SUZANA REGINA DA SILVA                  RUA: 05, 115 JARDIM PETROPOLIS PETROLINA            56300000                                                            000014
100000 000000000000 00090345100325490REGTIT30833479793253     0002020000005900251400000000002N           2  02000590025128021900000000085000000000099N290518000000000000000060000000000000000000000000000000000000000000000100002160796409GRACIANE PEREIRA DE ARAUJO              RUA:JADE, N:570 PEDRA LINDA PETROLINA PE            56300000                                                            000015
100000 000000000000 00090345100325490REGTIT30833486472417     0002020000005994169300000000002N           2  01000599416910041900000000197000000000099N200319000000000000000130000000000000000000000000000000000000000000000100057404267900VERONICA L DE OLIVEIRA                  PELEGRINO AZZOLIN, 370 GANCHINHO CURITIB            81935422                                                            000016
100000 000000000000 00090345100325490REGTIT30833486472417     0002020000005994170700000000002N           2  01000599417010051900000000197000000000099N200319000000000000000130000000000000000000000000000000000000000000000100057404267900VERONICA L DE OLIVEIRA                  PELEGRINO AZZOLIN, 370 GANCHINHO CURITIB            81935422                                                            000017
100000 000000000000 00090345100325490REGTIT30833665606557     0002020000005994153700000000002N           2  01000599415320041900000001200000000000099N200319000000000000000800000000000000000000000000000000000000000000000100036438009830PALOMA MAXIMO DE SOUZA                  GUERREIRO, 27 JARDIM ROSANA SAO PAULO SP            05795210                                                            000018
100000 000000000000 00090345100325490REGTIT30834489937333     0002020000005969012700000000002N           2  02000596901215031900000000199000000000099N281218000000000000000130000000000000000000000000000000000000000000000100047498276810ORNELLA DE BRITO NARDINI                RUTH GARRIDO ROQUE, 1014 PARQUE RESIDENC            13458620                                                            000019
100000 000000000000 00090345100325490REGTIT30834503948171     0002020000005957526300000000002N           2  02000595752616031900000000125000000000099N171118000000000000000080000000000000000000000000000000000000000000000100004579718518ISRAEL DOS SANTOS SOUZA                 RUA 13, 03 PROJETO N5 PETROLINA PE                  56300000                                                            000020
100000 000000000000 00090345100325490REGTIT30835134985513     0002020000005975375700000000002N           2  02000597537515031900000000250000000000099N110119000000000000000170000000000000000000000000000000000000000000000100067851541387EDILZA VIEIRA DE SOUZA                  IRMAOS SORANGO, 396 RUA FRANKLIN DE MENE            66840395                                                            000021
100000 000000000000 00090345100325490REGTIT30835527733849     0002020000005994142100000000002N           2  01000599414220041900000000466660000000099N200319000000000000000310000000000000000000000000000000000000000000000100044499103894PHILLIPPE MOREIRA DE SANTANA            ARACY, 3 EMBU EMBU DAS ARTES SP                     06815240                                                            000022
100000 000000000000 00090345100325490REGTIT30835555870893     0002020000005987233000000000002N           2  02000598723310041900000000130000000000099N110319000000000000000090000000000000000000000000000000000000000000000100030877682860NOEMI SANCHES                           JOSÉ LUIS COVOLAN, 328 RESIDENCIAL FURLA            13450000                                                            000023
100000 000000000000 00090345100325490REGTIT30835603064215     0002020000005957522000000000002N           2  02000595752210031900000000100000000000099N171118000000000000000070000000000000000000000000000000000000000000000100009910385414JEFFERSON CLEITON SOUZA DE AMORIM       RUA JOSE GINIVALDO NASCIMENTO, 70 JOAO D            56300000                                                            000024
100000 000000000000 00090345100325490REGTIT30835984848981     0002020000005994161800000000002N           2  01000599416120041900000001500000000000099N200319000000000000001000000000000000000000000000000000000000000000000100039178794846PAULO HENRIQUE VIEIRA DA SILVA          VOZES D AFRICA,, 79 - SAO PAULO SP                  05856160                                                            000025
100000 000000000000 00090345100325490REGTIT30836155200000     0002020000005968417800000000002N           2  02000596841715031900000000185000000000099N211218000000000000000120000000000000000000000000000000000000000000000100040157008215MARIA IZABEL MONTEIRO SOEIRO            BACURIZINHO (SALVATERRA), 000 MARAJO  BE            66886000                                                            000026
100000 000000000000 00090345100325490REGTIT30836434514890     0002020000005976353100000000002N           2  02000597635319021900000000032800000000099N190119000000000000000020000000000000000000000000000000000000000000000100001621024962LINDIOMAR PEDRO DE OLIVEIRA             BELA VISTA, 0 CENTRO OURIZONA PR                    87100000                                                            000027
100000 000000000000 00090345100325490REGTIT30836434514890     0002020000005976354P00000000002N           2  02000597635419031900000000032800000000099N190119000000000000000020000000000000000000000000000000000000000000000100001621024962LINDIOMAR PEDRO DE OLIVEIRA             BELA VISTA, 0 CENTRO OURIZONA PR                    87100000                                                            000028
100000 000000000000 00090345100325490REGTIT30836602648906     0002020000005966549100000000002N           2  02000596654924021900000000260000000000099N111218000000000000000170000000000000000000000000000000000000000000000100026631797870ELIZANGELA BASTOS                       IGNACIO PINTO DE CAMPOS, 195 APTO 23 CON            13450000                                                            000029
100000 000000000000 00090345100325490REGTIT30836604474973     0002020000005937585P00000000002N           2  02000593758515031900000000058350000000099N150918000000000000000040000000000000000000000000000000000000000000000100014853442472GENIVALDO  CORDEIRO  DOS  SANTOS        AVENIDA  MARECHAL HERMEM DA  FONSECA, N             56300000                                                            000030
100000 000000000000 00090345100325490REGTIT30836987759980     0002020000005994137500000000002N           2  01000599413710041900000000215000000000099N200319000000000000000140000000000000000000000000000000000000000000000100060152591249JOSIMAR RODRIGUES DOS SANTOS            AV JK, 110 PT PACAJA  PA                            68485000                                                            000031
100000 000000000000 00090345100325490REGTIT30836987759980     0002020000005994138300000000002N           2  01000599413810051900000000215000000000099N200319000000000000000140000000000000000000000000000000000000000000000100060152591249JOSIMAR RODRIGUES DOS SANTOS            AV JK, 110 PT PACAJA  PA                            68485000                                                            000032
100000 000000000000 00090345100325490REGTIT30837614407738     0002020000005948600700000000002N           2  02000594860017031900000000075000000000099N231018000000000000000050000000000000000000000000000000000000000000000100004296975463HELENO BENICIO DE LIMA                  RUA: 05, 21 PROJETO N 03 PETROLINA PE               56300000                                                            000033
100000 000000000000 00090345100325490REGTIT30837635396346     0002020000005938858700000000002N           2  02000593885818031900000000060000000000099N240918000000000000000040000000000000000000000000000000000000000000000100001141986400COSMA  MARIA  NOGUEIRA  ADOLFINO        RUA  TIRADENTES, N 136 VILA  EDUARDO PET            56300000                                                            000034
100000 000000000000 00090345100325490REGTIT30838781634362     0002020000005959439P00000000002N           2  02000595943926031900000000197500000000099N291118000000000000000130000000000000000000000000000000000000000000000100074800434491JOSÉ DOS ANJOS SANTOS                   SITIO MUDUBIM, S|N PROX A CRUZ DE SALINA            00000000                                                            000035
100000 000000000000 00090345100325490REGTIT30839018855268     0002020000005994159600000000002N           2  01000599415927031900000000160000000000099N200319000000000000000110000000000000000000000000000000000000000000000207939669000435ABSOLUTE                                TEIXEIRA SOARES, 357 CRUZEIRO SAO JOSE D            83010170                                                            000036
100000 000000000000 00090345100325490REGTIT30839266034857     0002020000005994166900000000002N           2  01000599416605041900000000190000000000099N200319000000000000000130000000000000000000000000000000000000000000000100004298290948MARIA APARECIDA DE OLIVEIRA             ACESSO PADRE ANTONIO SIMONETTO, 71 SITIO            81910073                                                            000037
100000 000000000000 00090345100325490REGTIT30839266034857     0002020000005994167700000000002N           2  01000599416705051900000000190000000000099N200319000000000000000130000000000000000000000000000000000000000000000100004298290948MARIA APARECIDA DE OLIVEIRA             ACESSO PADRE ANTONIO SIMONETTO, 71 SITIO            81910073                                                            000038
100000 000000000000 00090345100325490REGTIT30839955501378     0002020000005957726600000000002N           2  02000595772605031900000000211130000000099N191118000000000000000140000000000000000000000000000000000000000000000100084515635468EULINA DE ARAUJO BARROS                 RUA 01, 313 N3 PETROLINA PE                         56300000                                                            000039
9                                                                                                                                                                                                                                                                                                                                                                                                         000040