01REMESSA01COBRANCA       00000000000004972103WC SISTEMAS E EQUIPAMENTOS DE 237BRADESCO       190319        MX0002638                                                                                                                                                                                                                                                                                     000001
100000 000000000000 00090345100240370REGTIT263899688697118    0002020090005993883900000000002N           2  01996886971129031900000000344700000000099N190319000000000000000520000000000000000000000000000000000000000000000202228175000186EIGENSTUHLER MATERIAIS DE CONSTRUCAO LTDRUA SANTA MARIA, 780                                83408560                                                            000002
100000 000000000000 00090345100240370REGTIT2638995322036745   0002020090005993903700000000002N           2  01995322036720031900000000715600000000099N190319000000000000001070000000000000000000000000000000000000000000000207245405000139MARIA GONCALVES DA SILVA MATOS - ME     RUA ASSIS, 220                                      78843270                                                            000003
100000 000000000000 00090345100240370REGTIT2638996932133538   0002020090005993882000000000002N           2  01996932133528031900000000344700000000099N190319000000000000000520000000000000000000000000000000000000000000000227663057000127MOACIR DOS SANTOS PORTO ME              RUA ALVARO BOTELHO, 76                              82515290                                                            000004
100000 000000000000 00090345100240370REGTIT2638997069087423   0002020090005993875800000000002N           2  01997069087428031900000000239700000000099N190319000000000000000360000000000000000000000000000000000000000000000221157048000188MARA ROSANE ROCHA PERUSSO               RUA CARLOS HAMBRUSCH, 156                           83045360                                                            000005
100000 000000000000 00090345100240370REGTIT2638997124072151   0002020090005993887100000000002N           2  01997124072129031900000000239700000000099N190319000000000000000360000000000000000000000000000000000000000000000211953238000158RONEI PNEUS LTDA                        NELSON CLAUDINO DOS SANTOS, 272                     83833523                                                            000006
100000 000000000000 00090345100240370REGTIT2638997125012831   0002020090005993885500000000002N           2  01997125012829031900000000180000000000099N1903190000000000000002700000000000000000000000000000000000000000000002096656500001201001 LOJAS EIRELI LTDA                  R TIBAGI, 688                                       80060110                                                            000007
100000 000000000000 00090345100240370REGTIT2638997185776055   0002020090005993878200000000002N           2  01997185776028031900000000195300000000099N190319000000000000000290000000000000000000000000000000000000000000000221362988000109CYNTHIA JACQUES MASSUCCI ME             R ATILIO BORIO, 25                                  80050250                                                            000008
100000 000000000000 00090345100240370REGTIT2638997195711738   0002020090005993881200000000002N           2  01997195711728031900000000180000000000099N190319000000000000000270000000000000000000000000000000000000000000000211951271000149LAPA DIESEL OFICINA MECANICA LTDA       R GUANABARA, 158                                    83750000                                                            000009
100000 000000000000 00090345100240370REGTIT2638997258571223   0002020090005993886300000000002N           2  01997258571228031900000000239700000000099N190319000000000000000360000000000000000000000000000000000000000000000226040515000109GUILHERME ALBERTO ROEHR                 R ELIS REGINA, 329                                  82315320                                                            000010
100000 000000000000 00090345100240370REGTIT2638997272592603   0002020090005993880400000000002N           2  01997272592628031900000000239700000000099N190319000000000000000360000000000000000000000000000000000000000000000214469816000173CONDUSFLEX PLASTICOS LTDA               R MARIA DE SOUZA COELHO, 195                        81450585                                                            000011
100000 000000000000 00090345100240370REGTIT2638997272611433   0002020090005993879000000000002N           2  01997272611428031900000000239700000000099N190319000000000000000360000000000000000000000000000000000000000000000230925326000190FLEX PLASTICOS EIRELI ME                RUA MARIA DE SOUZA COELHO, 195                      81450585                                                            000012
100000 000000000000 00090345100240370REGTIT2638997308610207   0002020090005993884700000000002N           2  01997308610229031900000000239700000000099N190319000000000000000360000000000000000000000000000000000000000000000230950366000192NEIVA PEREIRA FRANCA BERNARDO           RUA MANOEL RIBAS, 2197                              83708353                                                            000013
9                                                                                                                                                                                                                                                                                                                                                                                                         000014