01REMESSA01COBRANCA       00000000000004852239ISPCN                         237BRADESCO       220319        MX0003105                                                                                                                                                                                                                                                                                     000001
100000 000000000000 00090345100325490REGTIT31052218203639     0002020000005995046300000000002N           2  01000599504615041900000000069000000000099N220319000000000000000050000000000000000000000000000000000000000000000100000783738161RITA DE CACIA CAMPOS FERREIRA           RUA DOLORES DURAN, 461 JARDIM CAMPO ALTO            79063330                                                            000002
100000 000000000000 00090345100325490REGTIT31052218203639     0002020000005995047100000000002N           2  01000599504715051900000000069000000000099N220319000000000000000050000000000000000000000000000000000000000000000100000783738161RITA DE CACIA CAMPOS FERREIRA           RUA DOLORES DURAN, 461 JARDIM CAMPO ALTO            79063330                                                            000003
100000 000000000000 00090345100325490REGTIT31052250317314     0002020000005995075700000000002N           2  01000599507515041900000000069000000000099N220319000000000000000050000000000000000000000000000000000000000000000100001038405165TATIANE CRISTINA DE MORAIS SANTOS       RUA MARIA VIRGINIA PIMENTEL, 403 JARDIM             79062550                                                            000004
100000 000000000000 00090345100325490REGTIT31052250317314     0002020000005995076500000000002N           2  01000599507615051900000000069000000000099N220319000000000000000050000000000000000000000000000000000000000000000100001038405165TATIANE CRISTINA DE MORAIS SANTOS       RUA MARIA VIRGINIA PIMENTEL, 403 JARDIM             79062550                                                            000005
100000 000000000000 00090345100325490REGTIT31052396812219     0002020000005995072200000000002N           2  01000599507227031900000000228000000000099N220319000000000000000150000000000000000000000000000000000000000000000207402205000223PERSONAL CENTRO AUTOMOTIVO              ANITA GARIBALDI, 3088 SAO LOURENCO CURIT            82210000                                                            000006
100000 000000000000 00090345100325490REGTIT31052745207241     0002020000005978529200000000002N           2  02000597852905031900000000148000000000099N050219000000000000000200000000000000000000000000000000000000000000000100072082801853FIRMINA CASEMIRA DA SILVA               JAO QD 36 LT 43, s|n QD 36 LT 43 COLINA             74970000                                                            000007
100000 000000000000 00090345100325490REGTIT31052852005358     0002020000005995114100000000002N           2  01000599511404041900000000185770000000099N220319000000000000000120000000000000000000000000000000000000000000000291730218000157PONTO SUL                               VICENTE MONTEGGIA, 989 CAVALHADA PORTO A            91740290                                                            000008
100000 000000000000 00090345100325490REGTIT31053037380414     0002020000005960093400000000002N           2  02000596009310031900000000150000000000099N031218000000000000000200000000000000000000000000000000000000000000000100027679872864SUELY PEREIRA                           PARANAGUA, 142 CASA AMADOR BUENO ITAPEVI            06680390                                                            000009
100000 000000000000 00090345100325490REGTIT31053343123209     0002020000005995060900000000002N           2  01000599506012041900000000594000000000099N220319000000000000000400000000000000000000000000000000000000000000000100087233290415ROSANGELA MARIA SILVA NASCIMENTO DA SILVRUA DUARTE COELHO DE ALBUQUERQUE, 00 REP            21703560                                                            000010
100000 000000000000 00090345100325490REGTIT31053343123209     0002020000005995061700000000002N           2  01000599506112051900000000594000000000099N220319000000000000000400000000000000000000000000000000000000000000000100087233290415ROSANGELA MARIA SILVA NASCIMENTO DA SILVRUA DUARTE COELHO DE ALBUQUERQUE, 00 REP            21703560                                                            000011
100000 000000000000 00090345100325490REGTIT31053706680345     0002020000005995106000000000002N           2  01000599510615041900000000087630000000099N220319000000000000000060000000000000000000000000000000000000000000000100051114909149VALDETE NUNES DE LIMA                   POLO SUL, 123 CAMPO ALTO CAMPO GRANDE MS            79062712                                                            000012
100000 000000000000 00090345100325490REGTIT31053706680345     0002020000005995107900000000002N           2  01000599510715051900000000087630000000099N220319000000000000000060000000000000000000000000000000000000000000000100051114909149VALDETE NUNES DE LIMA                   POLO SUL, 123 CAMPO ALTO CAMPO GRANDE MS            79062712                                                            000013
100000 000000000000 00090345100325490REGTIT31054162869242     0002020000005977543200000000002N           2  02000597754320031900000000040250000000099N260119000000000000000030000000000000000000000000000000000000000000000100002373067196CINDY ROCHA EUGENIO                     QR615  CONJ10  CASA, 20 NORTE SAMAMBAIA             72331811                                                            000014
100000 000000000000 00090345100325490REGTIT31054224998003     0002020000005966045700000000002N           2  02000596604507031900000000320000000000099N081218000000000000000430000000000000000000000000000000000000000000000100004139173122JESSICA PEREIRA DE LIMA SENA            RUA 24 QD 15 LT 17, S|N QD15 LT 17 SETOR            74970000                                                            000015
100000 000000000000 00090345100325490REGTIT31054939747696     0002020000005995098600000000002N           2  01000599509822041900000000077630000000099N220319000000000000000050000000000000000000000000000000000000000000000100097458481153CRISTIANE MORALES DOS SANTOS            RUA VICTOR ASSIS BRASIL, 81 CONJUNTO RES            79063370                                                            000016
100000 000000000000 00090345100325490REGTIT31055381289563     0002020000005995055200000000002N           2  01000599505510041900000000320000000000099N220319000000000000000210000000000000000000000000000000000000000000000100021697586821ANDREIA DONIZETE DE SOUZA REIS          PELOTAS, 105 VERIFICAR A RUA CORRETA JAR            06729245                                                            000017
100000 000000000000 00090345100325490REGTIT31055538404455     0002020000005995086200000000002N           2  01000599508610041900000000232000000000099N220319000000000000000150000000000000000000000000000000000000000000000207402205000223PERSONAL CENTRO AUTOMOTIVO              ANITA GARIBALDI, 3088 SAO LOURENCO CURIT            82210000                                                            000018
100000 000000000000 00090345100325490REGTIT31055570973298     0002020000005927839000000000002N           2  02000592783920031900000000090000000000099N210818000000000000000060000000000000000000000000000000000000000000000100070817310401GABRIELA  BEZERRA  DA  SILVA            RUA  05, N 120 PORTO  DA  ILHA PETROLINA            56300000                                                            000019
100000 000000000000 00090345100325490REGTIT31056169572315     0002020000005995123000000000002N           2  01000599512315041900000000077630000000099N220319000000000000000050000000000000000000000000000000000000000000000100002644858151LAUDINEIA ALVES                         POLO SUL, 703 CAMPO ALTO CAMPO GRANDE MS            79062201                                                            000020
100000 000000000000 00090345100325490REGTIT31056169572315     0002020000005995124900000000002N           2  01000599512415051900000000077630000000099N220319000000000000000050000000000000000000000000000000000000000000000100002644858151LAUDINEIA ALVES                         POLO SUL, 703 CAMPO ALTO CAMPO GRANDE MS            79062201                                                            000021
100000 000000000000 00090345100325490REGTIT31056208402924     0002020000005959512400000000002N           2  02000595951228021900000000164880000000099N291118000000000000000110000000000000000000000000000000000000000000000100004242030908NAIR BATISTA FERRAZ MATIAK              PRIMITIVA BARNABE BRESCIANI, AO LADO 27             84060580                                                            000022
100000 000000000000 00090345100325490REGTIT31056208402924     0002020000005959513200000000002N           2  02000595951328031900000000164880000000099N291118000000000000000110000000000000000000000000000000000000000000000100004242030908NAIR BATISTA FERRAZ MATIAK              PRIMITIVA BARNABE BRESCIANI, AO LADO 27             84060580                                                            000023
100000 000000000000 00090345100325490REGTIT31056221078634     0002020000005902926900000000002N           2  02000590292608031900000000230000000000099N110618000000000000000150000000000000000000000000000000000000000000000100019038211856MARCOS DONIZETE PAULELA                 ANTENOR ROZINELLI, 117 JARDIM SAN MARINO            13453476                                                            000024
100000 000000000000 00090345100325490REGTIT31056441697656     0002020000005948451900000000002N           2  02000594845120031900000000081670000000099N221018000000000000000050000000000000000000000000000000000000000000000100000975949896NASCIMENTO  JOSE  DA  SILVA             RUA  17, N  17 QUATI  2 PETROLINA PE                56300000                                                            000025
100000 000000000000 00090345100325490REGTIT31056704749324     0002020000005978364800000000002N           2  02000597836405031900000000262000000000099N040219000000000000000170000000000000000000000000000000000000000000000100026988968172ANAIR XAVIER DE DEUS                    ARACARI, 0 Q 50 LT 14 CASA 2 COLINA AZUL            74909000                                                            000026
100000 000000000000 00090345100325490REGTIT31057021390981     0002020000005986222P00000000002N           2  02000598622227031900000000415000000000099N270219000000000000000550000000000000000000000000000000000000000000000100097840840159RAIMUNDA LACERDA ARAUJO                 RUA 12 QD 18 LT 12, s|n Q15 LT22 INDEPEN            74967100                                                            000027
100000 000000000000 00090345100325490REGTIT31057374686470     0002020000005993444100000000002N           2  02000599344420031900000000799990000000099N180319000000000000000530000000000000000000000000000000000000000000000100071040323120VALDIR COSTA VIEIRA                     QR 415 CONJ 05 CS 29, 29 NORTE BRASILIA             72000000                                                            000028
100000 000000000000 00090345100325490REGTIT31057669070180     0002020000005985508800000000002N           2  02000598550820031900000000071230000000099N200219000000000000000050000000000000000000000000000000000000000000000100002000716962MARIA VICENTE BARBOSA                   QUADRA 2 LOTE 13, LOTE13 BAIXADA DA AREI            87170000                                                            000029
100000 000000000000 00090345100325490REGTIT31058229263168     0002020000005978623P00000000002N           2  02000597862315031900000000130000000000099N060219000000000000000090000000000000000000000000000000000000000000000100001798074206CARLA MICHELLE MATOS GOMES              CORONEL JUVENCIO SARMENTO, 1274 PONTA GR            66812490                                                            000030
100000 000000000000 00090345100325490REGTIT31058418097657     0002020000005995038200000000002N           2  01000599503815041900000000167630000000099N220319000000000000000110000000000000000000000000000000000000000000000100000322215170STELLA MARYS DE JESUS                   ABADIA MAFALDA PEREIRA SOUZA, 4601 PERPE            79062320                                                            000031
100000 000000000000 00090345100325490REGTIT31058418097657     0002020000005995039000000000002N           2  01000599503915051900000000167630000000099N220319000000000000000110000000000000000000000000000000000000000000000100000322215170STELLA MARYS DE JESUS                   ABADIA MAFALDA PEREIRA SOUZA, 4601 PERPE            79062320                                                            000032
100000 000000000000 00090345100325490REGTIT31058916571926     0002020000005928487000000000002N           2  02000592848705031900000000100000000000099N240818000000000000000070000000000000000000000000000000000000000000000100003166497595RITA DE CASSIA DOS SANTOS               RUA: O, 21 QUADRA D PROJETO N 4 PETROLIN            56300000                                                            000033
100000 000000000000 00090345100325490REGTIT31059129801856     0002020000005969823300000000002N           2  02000596982320031900000000154000000000099N080119000000000000000100000000000000000000000000000000000000000000000100025482177874NERON GAVIAO                            JOAO TONON, 886 VILA BELA GUARAPUAVA PR             85027050                                                            000034
100000 000000000000 00090345100325490REGTIT31059503734157     0002020000005995115P00000000002N           2  01000599511515041900000000087630000000099N220319000000000000000060000000000000000000000000000000000000000000000100051117142191JOSUE MANOEL DOS SANTOS                 RUA CARLOTA MASSA FARINA, 119 JARDIM PAC            79062230                                                            000035
100000 000000000000 00090345100325490REGTIT31059503734157     0002020000005995116800000000002N           2  01000599511615051900000000087630000000099N220319000000000000000060000000000000000000000000000000000000000000000100051117142191JOSUE MANOEL DOS SANTOS                 RUA CARLOTA MASSA FARINA, 119 JARDIM PAC            79062230                                                            000036
100000 000000000000 00090345100325490REGTIT31059510050424     0002020000005970271000000000002N           2  02000597027120031900000000134880000000099N100119000000000000000090000000000000000000000000000000000000000000000100011431930911FERNANDA CRISTINA MARTINS OLIVEIRA      SETE DE SETEMBRO, 718 CENTRO PONTA GROSS            84010350                                                            000037
100000 000000000000 00090345100325490REGTIT31059543430354     0002020000005995087000000000002N           2  01000599508715041900000000069000000000099N220319000000000000000050000000000000000000000000000000000000000000000100003186840120KARINA EVELYN SOUZA DA SILVA FERNANDES  RUA CARAVELAS, 95 JARDIM CAMPO ALTO CAMP            79062231                                                            000038
100000 000000000000 00090345100325490REGTIT31059543430354     0002020000005995088900000000002N           2  01000599508815051900000000069000000000099N220319000000000000000050000000000000000000000000000000000000000000000100003186840120KARINA EVELYN SOUZA DA SILVA FERNANDES  RUA CARAVELAS, 95 JARDIM CAMPO ALTO CAMP            79062231                                                            000039
9                                                                                                                                                                                                                                                                                                                                                                                                         000040