01REMESSA01COBRANCA       00000000000004972103WC SISTEMAS E EQUIPAMENTOS DE 237BRADESCO       110319        MX0002608                                                                                                                                                                                                                                                                                     000001
100000 000000000000 00090345100240370REGTIT26081902066421     0002020000005980773300000000002N           2  02190206642128021900000000320000000000099N080219000000000000000480000000000000000000000000000000000000000000000222066516000171CARVALHO E LIMA SERVICOS DE SEGURANCA   RUA DO PINHO, 289                                   83820707                                                            000002
100000 000000000000 00090345100240370REGTIT26081902072720     0002020000005983666000000000002N           2  02190207272028021900000000099800000000099N080219000000000000000150000000000000000000000000000000000000000000000207998426000125PARADA OBRIGATORIA COMERCIO DE UTILIDADEAV CAPITAO INDIO BANDEIRA, 1360                     87300005                                                            000003
9                                                                                                                                                                                                                                                                                                                                                                                                         000004