01REMESSA01COBRANCA       00000000000004852239ISPCN                         237BRADESCO       270319        MX0003130                                                                                                                                                                                                                                                                                     000001
100000 000000000000 00090345100325490REGTIT31303464478651     0002020000005965859200000000002N           2  02000596585905031900000000120000000000099N071218000000000000000080000000000000000000000000000000000000000000000100002665712202ARIELLY CRISTINA DE ANDRADE SERRA       SANTA ISABEL, 697 CRUZEIRO (ICOARACI) BE            66810090                                                            000002
100000 000000000000 00090345100325490REGTIT31304587654893     0002020000005979057100000000002N           2  02000597905728031900000000045000000000099N080219000000000000000030000000000000000000000000000000000000000000000100025535442860MARIA JOSE MARTINS                      RUA DOZE, 101 JARDIM ALVORADA MONTE MOR             13190000                                                            000003
100000 000000000000 00090345100325490REGTIT31304962620428     0002020000005995732800000000002N           2  01000599573227041900000000547000000000099N270319000000000000000360000000000000000000000000000000000000000000000100007381796805JOABE DA ROCHA PITA                     AVENIDA ANDORINHAS BEIRAIS, 167 JARDIM D            05887000                                                            000004
100000 000000000000 00090345100325490REGTIT31305129689098     0002020000005995724700000000002N           2  01000599572405041900000000200000000000099N270319000000000000000130000000000000000000000000000000000000000000000100065363086115DEISE MOREIRA MEDEIROS                  UNBERTO ALVES CORREIA, 8 OVIDIO COSTA 3             79200000                                                            000005
100000 000000000000 00090345100325490REGTIT31305129689098     0002020000005995725500000000002N           2  01000599572505051900000000200000000000099N270319000000000000000130000000000000000000000000000000000000000000000100065363086115DEISE MOREIRA MEDEIROS                  UNBERTO ALVES CORREIA, 8 OVIDIO COSTA 3             79200000                                                            000006
100000 000000000000 00090345100325490REGTIT31305516842553     0002020000005995740900000000002N           2  01000599574027041900000001000000000000099N270319000000000000000670000000000000000000000000000000000000000000000100040280314515JENIVALDO DOS SANTOS AQUINO             SEBASTIAO ADVINCULA DA CUNHA, 74 JARDIM             05856140                                                            000007
100000 000000000000 00090345100325490REGTIT31306444095327     0002020000005995744100000000002N           2  01000599574427041900000001000000000000099N270319000000000000000670000000000000000000000000000000000000000000000100011314259873SIMONE HELENA BURAGOSQUE                RUA ROBALOS, 319 C 3 SANTA AMELIA SAO PA            04473220                                                            000008
100000 000000000000 00090345100325490REGTIT31306673971782     0002020000005995735200000000002N           2  01000599573508051900000000162500000000099N270319000000000000000110000000000000000000000000000000000000000000000100036484814368MARIA EDINA SOUSA MATOS                 ALAGOAS, 520A JUCARA IMPERATRIZ MA                  65919170                                                            000009
100000 000000000000 00090345100325490REGTIT31306906776444     0002020000005957791600000000002N           2  02000595779120031900000000170000000000099N201118000000000000000110000000000000000000000000000000000000000000000100081844395200ELZIMARI RODRIGUES FIEL                 DAS PAMPOLAS  CONJUNTO: JARDIM RENASCENT            66825280                                                            000010
100000 000000000000 00090345100325490REGTIT31307260228022     0002020000005984591000000000002N           2  02000598459110031900000000264000000000099N130219000000000000000180000000000000000000000000000000000000000000000100083298584991AURO LEANDRO VAZ                        MANOEL MARASSATI, 77 SAO SEBASTIAO SAO J            83075178                                                            000011
100000 000000000000 00090345100325490REGTIT31307282528695     0002020000005959223000000000002N           2  02000595922328021900000000130000000000099N281118000000000000000090000000000000000000000000000000000000000000000100026417477827MARIA AP DE SOUZA SOARES                ANTONIO BATAGIN, 97 PARQUE ELDORADO SANT            13458469                                                            000012
100000 000000000000 00090345100325490REGTIT31308752574121     0002020000005995723900000000002N           2  01000599572327041900000000390000000000099N270319000000000000000260000000000000000000000000000000000000000000000100031503233553ILENES DOS SANTOS                       RUA ERNESTO BAINHA LOPES, 406 C 2 BAIRRO            08060340                                                            000013
100000 000000000000 00090345100325490REGTIT31309269123334     0002020000005995746800000000002N           2  01000599574627041900000002500000000000099N270319000000000000001670000000000000000000000000000000000000000000000100033281719830BIANCA ARISTIDES                        RUA LUIZ ARANTES, 293 PIQUETE SAO PAULO             12620000                                                            000014
100000 000000000000 00090345100325490REGTIT31309532536537     0002020000005995742500000000002N           2  01000599574227041900000000300000000000099N270319000000000000000200000000000000000000000000000000000000000000000100029579500819MARCIO BARROS RODRIGUES                 RUA SUELI MAXIMO MATOS, 182  JARDIM IRAC            06770120                                                            000015
100000 000000000000 00090345100325490REGTIT31309572345527     0002020000005995734400000000002N           2  01000599573427041900000000326000000000099N270319000000000000000220000000000000000000000000000000000000000000000100038170509840JULIO CESAR DE MELO                     ESTRADA PIRAJUSSARA VALO VELHO, 1415 JAR            05791220                                                            000016
9                                                                                                                                                                                                                                                                                                                                                                                                         000017