01REMESSA01COBRANCA       00000000000004852239ISPCN                         237BRADESCO       210319        MX0003086                                                                                                                                                                                                                                                                                     000001
100000 000000000000 00090345100325490REGTIT30861137468446     0002020000005987604200000000002N           2  01000598760420051900000000195800000000099N120319000000000000000130000000000000000000000000000000000000000000000100004025960133ROSILENE RODRIGUES DOS SANTOS           QR 413 CONJ 08 CASA 14,  SAMAMBAIA NORTE            72323010                                                            000002
100000 000000000000 00090345100325490REGTIT30861164290548     0002020000005846892700000000002N           2  01000584689220051900000000344000000000099N080118000000000000000230000000000000000000000000000000000000000000000100032967191809MARILIA OLIVEIRA DA SILVA               RYOJI IDO, 119 CASA 2 JARDIM LEME TABOAO            06773160                                                            000003
100000 000000000000 00090345100325490REGTIT30861165042722     0002020000005931283100000000002N           2  01000593128320051900000000100000000000099N060918000000000000000070000000000000000000000000000000000000000000000100000838114946JULIANO APARECIDO TRINDADE              ,  EUCALIPITOS 3 FAZENDA RIO GRANDE  PR             83820707                                                            000004
100000 000000000000 00090345100325490REGTIT30861181152889     0002020000005928607500000000002N           2  01000592860720051900000000170000000000099N250818000000000000000110000000000000000000000000000000000000000000000100028361131892MARILENE QUEIROZ MASCARANHA             ANTENOR KUERCHE DE MENEZES, 309 RESIDENC            13458715                                                            000005
100000 000000000000 00090345100325490REGTIT30861197701853     0002020000005939078600000000002N           2  01000593907820051900000000098750000000099N250918000000000000000070000000000000000000000000000000000000000000000100070406975485TIFANY   VITORIA  ALVES  DOS  SANTOS    RUA  6, N 28 JARDIM  AMAZONAS PETROLINA             56300000                                                            000006
100000 000000000000 00090345100325490REGTIT30861280681908     0002020000005993490500000000002N           2  01000599349020051900000000070000000000099N180319000000000000000050000000000000000000000000000000000000000000000100061526142287ANA GONÇALVES DOS SANTOS                RUA ALAGOAS, 520 JUCARA IMPERATRIZ MA               65919170                                                            000007
100000 000000000000 00090345100325490REGTIT30861294791570     0002020000005959901400000000002N           2  01000595990120051900000000356800000000099N011218000000000000000240000000000000000000000000000000000000000000000100029143453805MARIA BERNADETE ALVES PONCIANO          DA COMUNIDADE (VL S PEDRO), 17 MONTANHAO            09784145                                                            000008
100000 000000000000 00090345100325490REGTIT30861321655035     0002020000005832229900000000002N           2  01000583222920051900000000203000000000099N301117000000000000000140000000000000000000000000000000000000000000000100005597610821MARIA HELENA DE MORAES VISCOVINI        MANUEL RIBEIRO, 944 LARANJEIRAS CASTILHO            16920000                                                            000009
100000 000000000000 00090345100325490REGTIT30861375553810     0002020000005987010900000000002N           2  02000598701015031900000000210000000000099N090319000000000000000140000000000000000000000000000000000000000000000100037564791888TAINA KRYSIA G TEIXEIRA                 OSORIO DUQUE ESTRADA, 647 JD BATIGIM SBO            13450000                                                            000010
100000 000000000000 00090345100325490REGTIT30861421767096     0002020000005967781300000000002N           2  01000596778120051900000000196000000000099N181218000000000000000130000000000000000000000000000000000000000000000100075165562204FABIO ROBERTO BASTOS SEABRA             LADISLAU GUEIROS, 125 CIDADE NOVA PORTEL            68480000                                                            000011
100000 000000000000 00090345100325490REGTIT30861515975375     0002020000005978700700000000002N           2  01000597870020051900000000100000000000099N060219000000000000000070000000000000000000000000000000000000000000000100000392652269DANIEL FERREIRA DO NASCIMENTO           ALAGOAS, 520A JUCARA IMPERATRIZ MA                  65919170                                                            000012
100000 000000000000 00090345100325490REGTIT30861524205124     0002020000005853745700000000002N           2  01000585374520051900000000140000000000099N180118000000000000000090000000000000000000000000000000000000000000000100004462660862MARIA ANTONIA DE SOUZA                  ANA MOYSES, 155 BL D AP 44 JARDIM NAYARA            06816640                                                            000013
100000 000000000000 00090345100325490REGTIT30861578472368     0002020000005984376400000000002N           2  01000598437620051900000000133330000000099N120219000000000000000090000000000000000000000000000000000000000000000100059682868220MESSIAS DE JESUS SANTOS                 TRAVESSAO 135 NORTE, S|N ZONA RURAL  URU            68140000                                                            000014
100000 000000000000 00090345100325490REGTIT30861689289977     0002020000005939031P00000000002N           2  02000593903106031900000000300000000000099N250918000000000000000200000000000000000000000000000000000000000000000100009993020869BEATRIZ ROCHA                           ARGEMIRO CAMARGO PEDROSO, 1842 JARDIM SA            13457132                                                            000015
100000 000000000000 00090345100325490REGTIT30861692768976     0002020000005917590700000000002N           2  01000591759020051900000000070000000000099N180718000000000000000050000000000000000000000000000000000000000000000100036623832840LAIS CRISTINA RODRIGUES                 ANTONIO BERNARDES RANGEL, 165 VILA BÉTIC            13450000                                                            000016
100000 000000000000 00090345100325490REGTIT30861762833673     0002020000005976269100000000002N           2  01000597626920051900000000100000000000099N190119000000000000000070000000000000000000000000000000000000000000000100046640315807KAUE LOURENCO LUCAS                     XERIMBABO, 127 JARDIM ALFREDO SAO PAULO             04909020                                                            000017
100000 000000000000 00090345100325490REGTIT30861834342752     0002020000005946484400000000002N           2  01000594648420051900000000270000000000099N081018000000000000000180000000000000000000000000000000000000000000000100030216588812ADRIANO DE ALMEIDA SANTANA              SAXONIA, 352 CHACARA CAXINGUI  EMBU DAS             06825010                                                            000018
100000 000000000000 00090345100325490REGTIT30861852700631     0002020000005938393300000000002N           2  01000593839320051900000000566170000000099N200918000000000000000380000000000000000000000000000000000000000000000100006317229988LENZI SALATIEL DA SILVA                 LUIZ BOZA, 139 SOBRADO BUTIATUVINHA CURI            82400100                                                            000019
100000 000000000000 00090345100325490REGTIT30861903745461     0002020000005959805000000000002N           2  01000595980520051900000000450000000000099N301118000000000000000300000000000000000000000000000000000000000000000100047612224844GUSTAVO LACERDA DE OLIVEIRA             OLIMPIA THOMAZ DE AQUINO, 705 JARDIM OLI            06765370                                                            000020
100000 000000000000 00090345100325490REGTIT30861915242245     0002020000005967929800000000002N           2  01000596792920051900000000200000000000099N191218000000000000000130000000000000000000000000000000000000000000000100045252512809CAROLINA BOTINI                         SALETE, 65 RESIDENCIAL FURLAN SANTA BARB            13451176                                                            000021
100000 000000000000 00090345100325490REGTIT30861953551082     0002020000005978965400000000002N           2  02000597896520031900000000290000000000099N070219000000000000000190000000000000000000000000000000000000000000000100063105993215DELMANA FIGUEIREDO DAS NEVES            VILA DOS INOCENTES, 160 CAMPINA DE ICOAR            66813175                                                            000022
100000 000000000000 00090345100325490REGTIT30861953551082     0002020000005978967000000000002N           2  01000597896720051900000000300000000000099N070219000000000000000200000000000000000000000000000000000000000000000100063105993215DELMANA FIGUEIREDO DAS NEVES            VILA DOS INOCENTES, 160 CAMPINA DE ICOAR            66813175                                                            000023
100000 000000000000 00090345100325490REGTIT30862003755643     0002020000005994238P00000000002N           2  01000599423820041900000000700000000000099N210319000000000000000470000000000000000000000000000000000000000000000203846642000285JATINOX                                 AVENIDA DOS PINHEIRAIS, 2209 CAPELA VELH            83705570                                                            000024
100000 000000000000 00090345100325490REGTIT30862043956257     0002020000005969420300000000002N           2  01000596942020051900000001080000000000099N040119000000000000000720000000000000000000000000000000000000000000000100001788495969AGNALDO PAULINO RODIGUES                ELIAS ALVES FERREIRA, 500 VILA SAO CRIST            83305090                                                            000025
100000 000000000000 00090345100325490REGTIT30862072577066     0002020000005993580400000000002N           2  01000599358020051900000000150000000000099N180319000000000000000100000000000000000000000000000000000000000000000100000818387270MARLY OLIVEIRA DOS SANTOS               RIO GURUPA ( COMUNIDADE QUILOMBOLA - CAC            68840000                                                            000026
100000 000000000000 00090345100325490REGTIT30862107873447     0002020000005994237100000000002N           2  01000599423720041900000000700000000000099N210319000000000000000470000000000000000000000000000000000000000000000203846642000285JATINOX                                 AVENIDA DOS PINHEIRAIS, 2209 CAPELA VELH            83705570                                                            000027
100000 000000000000 00090345100325490REGTIT30862121493385     0002020000005917511700000000002N           2  02000591751112041900000000105560000000099N170718000000000000000070000000000000000000000000000000000000000000000100034073205404CLEIDE MARIA GOMES                      RUA: RIACHUELO, 250 PALHINHAS PETROLINA             56300000                                                            000028
100000 000000000000 00090345100325490REGTIT30862131518386     0002020000005930390500000000002N           2  01000593039020051900000000155000000000099N030918000000000000000100000000000000000000000000000000000000000000000100004702669451ALAUMO GOMES DE LIMA                    ESTRADA DO BARBALHO, 960 B IPUTINGA RECI            50690000                                                            000029
100000 000000000000 00090345100325490REGTIT30862253188109     0002020000005832211600000000002N           2  01000583221120051900000000203000000000099N301117000000000000000140000000000000000000000000000000000000000000000100002951856199BRUNO JORDAO SILVA BORGES               CONEGO JOAO LIMA, S/N SETOR CENTRAL CACH            77915000                                                            000030
100000 000000000000 00090345100325490REGTIT30862311458649     0002020000005896645500000000002N           2  01000589664520051900000000225000000000099N110518000000000000000150000000000000000000000000000000000000000000000100074566350487RITA MARIA TEODORO                      JURUA, 435 PARQUE PIRAJUSSARA EMBU SP               06815180                                                            000031
100000 000000000000 00090345100325490REGTIT30862405450824     0002020000005985368900000000002N           2  01000598536820051900000000135000000000099N190219000000000000000090000000000000000000000000000000000000000000000100040881266884PAULA CARDOSO                           EDUARDO STRAZDIN, 810 RESIDENCIAL FURLAN            13451170                                                            000032
100000 000000000000 00090345100325490REGTIT30862410532587     0002020000005902059800000000002N           2  02000590205915031900000000330000000000099N070618000000000000000220000000000000000000000000000000000000000000000100037564791888TAINA KRYSIA G TEIXEIRA                 OSORIO DUQUE ESTRADA, 647 JD BATIGIM SBO            13450000                                                            000033
100000 000000000000 00090345100325490REGTIT30862473427032     0002020000005992734800000000002N           2  01000599273420051900000000086110000000099N130319000000000000000060000000000000000000000000000000000000000000000100005111393900CLAUDINEIA DOS REIS DA SILVA            FLORIANOPOLIS, 334 CASA CONJUNTO HENRIQU            87170000                                                            000034
100000 000000000000 00090345100325490REGTIT30862478672038     0002020000005993470000000000002N           2  01000599347020051900000000112000000000099N180319000000000000000070000000000000000000000000000000000000000000000100033150532353MANOEL EDNILSON DE ARAUJO               RUA ALAGOAS, 520 JUCARA IMPERATRIZ MA               65919170                                                            000035
100000 000000000000 00090345100325490REGTIT30862569648027     0002020000005978722800000000002N           2  01000597872220051900000000120000000000099N060219000000000000000080000000000000000000000000000000000000000000000100082586730259MARIA ELIENE DA CONCEIÇÃO OLIVEIRA      ALAGOAS, 520A JUCARA IMPERATRIZ MA                  65919170                                                            000036
100000 000000000000 00090345100325490REGTIT30862575928212     0002020000005978228500000000002N           2  02000597822830031900000000110000000000099N010219000000000000000070000000000000000000000000000000000000000000000100024683981220MARIA RUTHPALHA DE OLIVEIRA             CORONEL JUVENCIO SARMENTO, 965 CASA DOS             66810080                                                            000037
100000 000000000000 00090345100325490REGTIT30862682760900     0002020000005949493P00000000002N           2  02000594949328021900000000140000000000099N271018000000000000000090000000000000000000000000000000000000000000000100071065599463IRIS RAIANE SILVA DIAS                  LOT T2117, S|N PROJETO MARIA TEREZA  PET            56300000                                                            000038
100000 000000000000 00090345100325490REGTIT30862688593918     0002020000005926403900000000002N           2  01000592640320051900000000610000000000099N130818000000000000000410000000000000000000000000000000000000000000000100017767834840CLAUDIO GONCALVES                       PROFETA NEEMIAS, 646 ROCHELLE SANTA BÁRB            13458078                                                            000039
100000 000000000000 00090345100325490REGTIT30862745059571     0002020000005993050000000000002N           2  01000599305020051900000000400000000000099N150319000000000000000270000000000000000000000000000000000000000000000100031643201832JOSÉ LUIS DOS SANTOS                    DOUTOR CICERO VIEIRA, 104 JARDIM MARIA S            05790220                                                            000040
100000 000000000000 00090345100325490REGTIT30862745591625     0002020000005966475400000000002N           2  01000596647520051900000000410870000000099N111218000000000000000270000000000000000000000000000000000000000000000100084153687391ALEXSANDRA LIMA GOMES                   VINTE E UM DE ABRIL (VL S PEDRO), 23 MON            09784350                                                            000041
100000 000000000000 00090345100325490REGTIT30862763610552     0002020000005986931300000000002N           2  01000598693120051900000000177380000000099N080319000000000000000120000000000000000000000000000000000000000000000100003077218925REINALDO TENORIO TABORDA                RODOVIA DO XISTO - BR 476, Km 198 ESTAÇA            83750000                                                            000042
100000 000000000000 00090345100325490REGTIT30862867424699     0002020000005986126600000000002N           2  01000598612620051900000000120000000000099N260219000000000000000080000000000000000000000000000000000000000000000100069385394215IRACEMA DE NAZARÉ DOS SANTOS MASCARENHASALAMEDA SANTA ROSA, 35 PARQUE GUAJARA (I            66821331                                                            000043
100000 000000000000 00090345100325490REGTIT30862921467489     0002020000005819493200000000002N           2  02000581949320051900000000430000000000099N241017000000000000000290000000000000000000000000000000000000000000000100001162003162LUCAS CORDEIRO PERIM                    DF 220 FAZENDA CHAMAS  CHACARA, 40B RADI            72000000                                                            000044
100000 000000000000 00090345100325490REGTIT30863052051203     0002020000005968430500000000002N           2  02000596843015031900000000034690000000099N221218000000000000000020000000000000000000000000000000000000000000000100011815988932RAPHAELA DOS SANTOS CAVICHIO            CAMPO GRANDE, 1131 CENTRO OURIZONA PR               87170000                                                            000045
100000 000000000000 00090345100325490REGTIT30863067748525     0002020000005976217900000000002N           2  01000597621720051900000000271430000000099N180119000000000000000180000000000000000000000000000000000000000000000100040265162882PHILIPH ANDREUS SOUTO DA VEIGA          ITAPAROQUERA, 128 PARQUE SANTO AMARO SAO            04932060                                                            000046
100000 000000000000 00090345100325490REGTIT30863072578493     0002020000005838907500000000002N           2  01000583890720051900000000362000000000099N071217000000000000000240000000000000000000000000000000000000000000000100012416685821MARCO ANTONIO RODRIGUES                 SEBASTIAO PAULINO DOS SANTOS, 437 PARQUE            13064000                                                            000047
100000 000000000000 00090345100325490REGTIT30863239290933     0002020000005984783200000000002N           2  01000598478320051900000000585000000000099N140219000000000000000390000000000000000000000000000000000000000000000100005672755828EDILENE MARIA DE LIMA                   VALDOMIRO RIZZO, 975 CASA 01 PARQUE FERN            05889430                                                            000047
100000 000000000000 00090345100325490REGTIT30863361627124     0002020000005957572700000000002N           2  01000595757220051900000000280000000000099N171118000000000000000190000000000000000000000000000000000000000000000100002768775860CICERO LAURENTINO                       DAMASIO PIMENTEL DE CAMARGO, 393 SANTA R            13450000                                                            000048
100000 000000000000 00090345100325490REGTIT30863383555590     0002020000005958503P00000000002N           2  01000595850320051900000000270000000000099N231118000000000000000180000000000000000000000000000000000000000000000100070290989191EDINALVA ALVES DOS REIS                 QR 415 CON  04 CASA 25, 4 C 25  SAMAMBAI            00072370                                                            000049
100000 000000000000 00090345100325490REGTIT30863479793253     0002020000005900251400000000002N           2  02000590025128021900000000085000000000099N290518000000000000000060000000000000000000000000000000000000000000000100002160796409GRACIANE PEREIRA DE ARAUJO              RUA:JADE, N:570 PEDRA LINDA PETROLINA PE            56300000                                                            000050
100000 000000000000 00090345100325490REGTIT30863500471611     0002020000005976858400000000002N           2  01000597685820051900000000145000000000099N220119000000000000000100000000000000000000000000000000000000000000000100091568757204CLAUDILEIA SIQUEIRA DA COSTA            SANTA MARIA, 7 TENONE BELEM PA                      66820240                                                            000051
100000 000000000000 00090345100325490REGTIT30863524786627     0002020000005939057300000000002N           2  01000593905720051900000000060000000000099N250918000000000000000040000000000000000000000000000000000000000000000100002642340490MARCIA  AURELIA  MARIOS  RAMOS          RUA  DO  CONCRETO, N 54 SAO  JOSE PETROL            56300000                                                            000052
100000 000000000000 00090345100325490REGTIT30863557774581     0002020000005987649200000000002N           2  01000598764920051900000000165000000000099N120319000000000000000280000000000000000000000000000000000000000000000100078473403053DAIANE LACERDA                          PIAUI, 168 CORONEL NASSUCA GUAIBA RS                92500000                                                            000053
100000 000000000000 00090345100325490REGTIT30863624871480     0002020000005979054700000000002N           2  02000597905410031900000000140000000000099N080219000000000000000090000000000000000000000000000000000000000000000100000568000293SHEILA DOS SANTOS LOPES                 RIO DA SÉ, 00 CACHOEIRA DO ARARI CACHOEI            66840000                                                            000054
100000 000000000000 00090345100325490REGTIT30863660964924     0002020000005987204700000000002N           2  01000598720420051900000000059900000000099N110319000000000000000100000000000000000000000000000000000000000000000100000557101077DAIANE DA LUZ VIEIRA                    11, 100 SÃO JORGE GUAIBA RS                         92500000                                                            000055
100000 000000000000 00090345100325490REGTIT30863679486496     0002020000005947978700000000002N           2  01000594797820051900000000170000000000099N181018000000000000000110000000000000000000000000000000000000000000000100017767671879ANA MÁRCIA DOS SANTOS                   PADRE VICTORIO FREGUGLIA AP 24 A, 675 CO            13458190                                                            000056
100000 000000000000 00090345100325490REGTIT30863730018184     0002020000005902480100000000002N           2  01000590248020051900000000130000000000099N080618000000000000000090000000000000000000000000000000000000000000000100010492429472AMARO ROMULO DE FRANCA                  MANOEL MARIA CAETANO BOM, 23 CENTRO CABO            54505020                                                            000057
100000 000000000000 00090345100325490REGTIT30863778712807     0002020000005950139100000000002N           2  01000595013920051900000000280000000000099N011118000000000000000190000000000000000000000000000000000000000000000100037701477829NATHALIA MARIANO RODRIGUES SCHIAVON     JOSE PRANDO, 365 BL B APTO 96 RES. DONA             13450000                                                            000058
100000 000000000000 00090345100325490REGTIT30863811166932     0002020000005968635900000000002N           2  01000596863520051900000000060000000000099N261218000000000000000100000000000000000000000000000000000000000000000100008515693909ADALTO RODRIGO GOMES DOS SANTOS         EMERSON GREBOGE, S|N COLONIA MURICI SAO             83085480                                                            000059
100000 000000000000 00090345100325490REGTIT30863819366892     0002020000005916330500000000002N           2  01000591633020051900000000260000000000099N100718000000000000000170000000000000000000000000000000000000000000000100029850569859ROZILENE RIBEIRO DA SILVA LIMA          CASA BRANCA, 60 RESIDENCIAL SÃO JOAQUIM             13453094                                                            000060
100000 000000000000 00090345100325490REGTIT30863839583806     0002020000005987348500000000002N           2  01000598734820051900000000979270000000099N110319000000000000000650000000000000000000000000000000000000000000000100005246691985GUILHERME PALMA CALEFI                  FAZENDA CASA BRANCA, 00 ZONA RURAL LOBAT            86790000                                                            000061
100000 000000000000 00090345100325490REGTIT30863862252653     0002020000005968791600000000002N           2  01000596879120051900000000265000000000099N261218000000000000000180000000000000000000000000000000000000000000000100003641982812ALMIR ANTONIO FERRAZ                    DO AMOR, 638 JARDIM VISTA ALEGRE SANTA B            13458580                                                            000062
100000 000000000000 00090345100325490REGTIT30863951330520     0002020000005986596200000000002N           2  01000598659620051900000000038250000000099N040319000000000000000030000000000000000000000000000000000000000000000100000383687810OSMARO DE LIMA MARQUES                  15 DE NOVEMBRO, 91 CENTRO OURIZONA PR               87170000                                                            000063
100000 000000000000 00090345100325490REGTIT30863958319495     0002020000005994235500000000002N           2  01000599423527031900000000166950000000099N210319000000000000000110000000000000000000000000000000000000000000000269219665000359CANTINA BB CENTRAL LTDA-ME              JOAO TEIXEIRA DE CARVALHO, 261 CRUZEIRO             83010260                                                            000064
100000 000000000000 00090345100325490REGTIT30864007213368     0002020000005993503000000000002N           2  01000599350320051900000000115000000000099N180319000000000000000080000000000000000000000000000000000000000000000100000160262259SANDRA DIAS                             RUA ALAGOAS, 520 JUCARA IMPERATRIZ MA               65919170                                                            000065
100000 000000000000 00090345100325490REGTIT30864023384327     0002020000005937601500000000002N           2  02000593760115031900000000065000000000099N150918000000000000000040000000000000000000000000000000000000000000000100094391319420HELONICE COSTA DE SOUZA                 POVOADO PONTA DA SERRA, 40 PONTA DA SERR            00000000                                                            000066
100000 000000000000 00090345100325490REGTIT30864092037983     0002020000005987285300000000002N           2  01000598728520051900000000350000000000099N110319000000000000000580000000000000000000000000000000000000000000000202945870000320OMEGA IND COM E DESENVOLVIMENTO SIST E IRUA JANDAIA DO SUL, 125 EMILIANO PERNETA            83324440                                                            000067
100000 000000000000 00090345100325490REGTIT30864121445512     0002020000005946970600000000002N           2  01000594697020051900000000370000000000099N101018000000000000000250000000000000000000000000000000000000000000000100047363735808ADRIANO VIANA MACHADO                   SAO GERALDO, 143 JARDIM VALO VERDE EMBU             06814260                                                            000068
100000 000000000000 00090345100325490REGTIT30864129464622     0002020000005978950600000000002N           2  02000597895028031900000000057500000000099N070219000000000000000040000000000000000000000000000000000000000000000100009564468922SONIA BARBOSA SANTIAGO                  INDEPENDENCIA, 0 CENTRO OURIZONA PR                 87170000                                                            000069
100000 000000000000 00090345100325490REGTIT30864156577111     0002020000005985358100000000002N           2  01000598535820051900000000220000000000099N190219000000000000000150000000000000000000000000000000000000000000000100021678856878APARECIDA SUZIGAN                       13 DE MAIO, 526 TUPI SBO SP                         13450000                                                            000070
100000 000000000000 00090345100325490REGTIT30864203459595     0002020000005919612200000000002N           2  01000591961220051900000000300000000000099N300718000000000000000200000000000000000000000000000000000000000000000100022463545879RODRIGO GONÇALVES PEREIRA               SERAFIM PONTE GRANDE, 28 C JARDIM AMALIA            05890210                                                            000071
100000 000000000000 00090345100325490REGTIT30864209561633     0002020000005985066300000000002N           2  01000598506620051900000000055000000000099N160219000000000000000040000000000000000000000000000000000000000000000100009187311860ELZA LUCAS MENEZES SILVA                REVERENDO JOAO FELICIANO PIRES, 270 APTO            13458184                                                            000072
100000 000000000000 00090345100325490REGTIT30864221658975     0002020000005967919000000000002N           2  01000596791920051900000000198000000000099N191218000000000000000130000000000000000000000000000000000000000000000100041354694856FERNANDA CELIA SOUZA OLIVEIRA           AV CANDIDO BIGNOTTO, 1700 CRUZEIRO DO SU            13450000                                                            000073
100000 000000000000 00090345100325490REGTIT30864257869728     0002020000005920341200000000002N           2  01000592034120051900000000160000000000099N030818000000000000000110000000000000000000000000000000000000000000000100038334811888BRUNA DOS SANTOS LIMA                   DA LIBERDADE, 772 JARDIM NOSSA SENHORA D            06816255                                                            000074
100000 000000000000 00090345100325490REGTIT30864283824670     0002020000005977824500000000002N           2  01000597782420051900000000112280000000099N290119000000000000000070000000000000000000000000000000000000000000000100000866892583ISAELMA PINHEIRO DE GOES DE BORBA       ASSIS BRASIL, 505 VILA ELZA GUAIBA RS               92500000                                                            000075
100000 000000000000 00090345100325490REGTIT30864319115202     0002020000005994047600000000002N           2  01000599404720051900000000150000000000099N200319000000000000000100000000000000000000000000000000000000000000000100018906966253GILSON PEREIRA CRIZOSTOMO               PA SAO GERALDO, S|N VILA BRASILEIRO BOM             68525000                                                            000076
100000 000000000000 00090345100325490REGTIT30864345303504     0002020000005993451400000000002N           2  01000599345120051900000000070000000000099N180319000000000000000050000000000000000000000000000000000000000000000100094692211334FRANCILEILA MARIANO CARNEIRO            RUA ALAGOAS, 520 JUCARA IMPERATRIZ MA               65919170                                                            000077
100000 000000000000 00090345100325490REGTIT30864379489326     0002020000005994007700000000002N           2  01000599400720051900000000075000000000099N200319000000000000000050000000000000000000000000000000000000000000000100006425304596WALERYA PATRYNE GOMES DOS SANTOS        PLENARIO DIAS GUIMARAES, 226 CENTRO SAO             47820000                                                            000078
100000 000000000000 00090345100325490REGTIT30864423267311     0002020000005986907000000000002N           2  01000598690720051900000000480000000000099N080319000000000000000320000000000000000000000000000000000000000000000100048013517861BRUNO FREITAS NOVAES                    MANOEL OCTAVIANO DINIZ JUNQUEIRA FILHO,             06766130                                                            000079
100000 000000000000 00090345100325490REGTIT30864453649984     0002020000005985521500000000002N           2  01000598552120051900000000170000000000099N200219000000000000000110000000000000000000000000000000000000000000000100000136756212ROMARIS EDENILSON SILVA DA COSTA        JULIO GOMES, 439 ALTOS CAMPINA DE ICOARA            66813050                                                            000080
100000 000000000000 00090345100325490REGTIT30864489937333     0002020000005969012700000000002N           2  02000596901215031900000000199000000000099N281218000000000000000130000000000000000000000000000000000000000000000100047498276810ORNELLA DE BRITO NARDINI                RUTH GARRIDO ROQUE, 1014 PARQUE RESIDENC            13458620                                                            000081
100000 000000000000 00090345100325490REGTIT30864503948171     0002020000005957526300000000002N           2  02000595752616031900000000125000000000099N171118000000000000000080000000000000000000000000000000000000000000000100004579718518ISRAEL DOS SANTOS SOUZA                 RUA 13, 03 PROJETO N5 PETROLINA PE                  56300000                                                            000082
100000 000000000000 00090345100325490REGTIT30864508588355     0002020000005985756000000000002N           2  01000598575620051900000000150000000000099N220219000000000000000100000000000000000000000000000000000000000000000100004283347256RODSON GONÇALVES DOS SANTOS             RUA BARBOSA SOBRINHO, Kitnet 33 TAPANA B            66800000                                                            000083
100000 000000000000 00090345100325490REGTIT30864514784270     0002020000005930407300000000002N           2  01000593040720051900000000110000000000099N030918000000000000000070000000000000000000000000000000000000000000000100001075106427EMILIANA TAVARES DA SILVA               MAXIMINO BUARQUE DE GUSMAO, 170 CORDEIRO            50721670                                                            000084
100000 000000000000 00090345100325490REGTIT30864603174428     0002020000005975415P00000000002N           2  01000597541520051900000000150000000000099N120119000000000000000100000000000000000000000000000000000000000000000100011765261899CARLOS ALBERTO LUPETTI                  DA CONCORDIA, 580 JARDIM NOSSA SENHORA D            06816340                                                            000085
100000 000000000000 00090345100325490REGTIT30864606061581     0002020000005959884000000000002N           2  01000595988420051900000001083330000000099N011218000000000000000720000000000000000000000000000000000000000000000100003480945821TEREZA AFINOVICZ                        PADRE CHAGAS, 1216 MORRO ALTO GUARAPUAVA            85065050                                                            000086
100000 000000000000 00090345100325490REGTIT30864629109923     0002020000005993446800000000002N           2  01000599344620051900000000134000000000099N180319000000000000000090000000000000000000000000000000000000000000000100071486097391FRANCILEIA MARIANO CARNEIRO             RUA ALAGOAS, 520 JUCARA IMPERATRIZ MA               65919170                                                            000087
100000 000000000000 00090345100325490REGTIT30864678636309     0002020000005994225800000000002N           2  01000599422520041900000000130000000000099N200319000000000000000090000000000000000000000000000000000000000000000100060561696420JOÃO EVANGELISTA DA SILVA               ESPEDITO CONSTANTINO DE LIMA, 13 PARQUE             06766195                                                            000088
100000 000000000000 00090345100325490REGTIT30864678636309     0002020000005994226600000000002N           2  01000599422620051900000000130000000000099N200319000000000000000090000000000000000000000000000000000000000000000100060561696420JOÃO EVANGELISTA DA SILVA               ESPEDITO CONSTANTINO DE LIMA, 13 PARQUE             06766195                                                            000089
100000 000000000000 00090345100325490REGTIT30864715847186     0002020000005950122700000000002N           2  02000595012203031900000000160000000000099N011118000000000000000110000000000000000000000000000000000000000000000100000884060241VALRINEY RODRIGUES PADILHA              PRIMAVERA, 64 TAPANA (ICOARACI) BELEM PA            66825140                                                            000090
100000 000000000000 00090345100325490REGTIT30864727860738     0002020000005956521700000000002N           2  01000595652120051900000000180000000000099N101118000000000000000120000000000000000000000000000000000000000000000100052575210836MARIA LUCIA BERNARDINO CORREA           ANTONIO MORAES BARROS, 668 JARDIM VISTA             13458574                                                            000091
100000 000000000000 00090345100325490REGTIT30864737707136     0002020000005985618100000000002N           2  01000598561820051900000000220000000000099N210219000000000000000150000000000000000000000000000000000000000000000100010788573268MARIA DO SOCORRO PINTO MOREIRA          ANTONIO CAMELO, 230 CRUZEIRO (ICOARACI)             66810160                                                            000092
100000 000000000000 00090345100325490REGTIT30864782530984     0002020000005950676800000000002N           2  02000595067605031900000000100000000000099N061118000000000000000070000000000000000000000000000000000000000000000100000034848401ROZILDA SOUZA DOS SANTOS                RUA A, 04 AGROVILA MASSANGANO  PETROLINA            56300000                                                            000093
100000 000000000000 00090345100325490REGTIT30864808619423     0002020000005918813800000000002N           2  01000591881320051900000000120000000000099N250718000000000000000080000000000000000000000000000000000000000000000100085817202506LUAN VINICIUS FELIX SANTANA             RUA 18 C SEM SAIDA, 54 SANTO ANTONIO  JU            56300000                                                            000094
100000 000000000000 00090345100325490REGTIT30864874984779     0002020000005993515400000000002N           2  01000599351520051900000000132500000000099N180319000000000000000090000000000000000000000000000000000000000000000100025272721349FRANCISCO DE JESUS SOUSA                RUA ALAGOAS, 520 JUCARA IMPERATRIZ MA               65919170                                                            000095
100000 000000000000 00090345100325490REGTIT30864928989108     0002020000005918479500000000002N           2  01000591847920051900000000220000000000099N230718000000000000000150000000000000000000000000000000000000000000000100039754382824RENAN DA SILVA FERREIRA                 CLAUDIO MANOEL DA COSTA, 867 PARQUE OLAR            13458027                                                            000096
100000 000000000000 00090345100325490REGTIT30864994040110     0002020000005797092000000000002N           2  01000579709220051900000000280000000000099N150917000000000000000190000000000000000000000000000000000000000000000100044154858807VANESSA OLIVEIRA MAHARA                 SAO DOMINGOS, 192 CHACARAS SAO MARCOS EM            06814125                                                            000097
100000 000000000000 00090345100325490REGTIT30865036948741     0002020000005917884100000000002N           2  01000591788420051900000000160000000000099N190718000000000000000110000000000000000000000000000000000000000000000100076731600482JOSUE DA SILVA SANTOS                   CAAPIRANGA, 36 CASA AMARELA RECIFE PE               52070633                                                            000098
100000 000000000000 00090345100325490REGTIT30865134985513     0002020000005975375700000000002N           2  02000597537515031900000000250000000000099N110119000000000000000170000000000000000000000000000000000000000000000100067851541387EDILZA VIEIRA DE SOUZA                  IRMAOS SORANGO, 396 RUA FRANKLIN DE MENE            66840395                                                            000099
100000 000000000000 00090345100325490REGTIT30865303618845     0002020000005966753200000000002N           2  01000596675320051900000000250000000000099N121218000000000000000170000000000000000000000000000000000000000000000100051845199987JOSE CARLOS ALVES                       HENRIQUE BRUDECK, 469 CASA VILA SAO CRIS            83305345                                                            000100
100000 000000000000 00090345100325490REGTIT30865307697914     0002020000005978864P00000000002N           2  01000597886420051900000000106000000000099N070219000000000000000070000000000000000000000000000000000000000000000100096363100259LUCELIA DOS REIS SANTOS                 ALAGOAS, 520A JUCARA IMPERATRIZ MA                  65919170                                                            000101
100000 000000000000 00090345100325490REGTIT30865420488619     0002020000005994020400000000002N           2  01000599402020051900000000300000000000099N200319000000000000000200000000000000000000000000000000000000000000000100006606486955MARCO AURELIO MENDES DE OLIVEIRA        ADELAIDE SCHULE DE AGUIAR, 200 VILA ROSA            83304070                                                            000102
100000 000000000000 00090345100325490REGTIT30865499170944     0002020000005984412400000000002N           2  01000598441220051900000000171440000000099N120219000000000000000110000000000000000000000000000000000000000000000100000557101077DAIANE DA LUZ VIEIRA                    11, 100 SÃO JORGE GUAIBA RS                         92500000                                                            000103
100000 000000000000 00090345100325490REGTIT30865515369069     0002020000005927416600000000002N           2  01000592741620051900000000536000000000099N170818000000000000000360000000000000000000000000000000000000000000000100017568446824LENI BUENO                              SANTA BARBARA, 1016 CENTRO SANTA BARBARA            13450013                                                            000104
100000 000000000000 00090345100325490REGTIT30865555870893     0002020000005987233000000000002N           2  02000598723310041900000000130000000000099N110319000000000000000090000000000000000000000000000000000000000000000100030877682860NOEMI SANCHES                           JOSÉ LUIS COVOLAN, 328 RESIDENCIAL FURLA            13450000                                                            000105
100000 000000000000 00090345100325490REGTIT30865558436264     0002020000005958915900000000002N           2  01000595891520051900000000333330000000099N261118000000000000000220000000000000000000000000000000000000000000000100014081444846CELIA REGINA DA SILVA GOMES             BENEDITO MARQUES DE SOUZA, 123 JARDIM CL            06770290                                                            000106
100000 000000000000 00090345100325490REGTIT30865570973298     0002020000005927841200000000002N           2  01000592784120051900000000090000000000099N210818000000000000000060000000000000000000000000000000000000000000000100070817310401GABRIELA  BEZERRA  DA  SILVA            RUA  05, N 120 PORTO  DA  ILHA PETROLINA            56300000                                                            000107
100000 000000000000 00090345100325490REGTIT30865603064215     0002020000005957522000000000002N           2  02000595752210031900000000100000000000099N171118000000000000000070000000000000000000000000000000000000000000000100009910385414JEFFERSON CLEITON SOUZA DE AMORIM       RUA JOSE GINIVALDO NASCIMENTO, 70 JOAO D            56300000                                                            000108
100000 000000000000 00090345100325490REGTIT30865603188296     0002020000005918228800000000002N           2  01000591822820051900000000077000000000099N200718000000000000000050000000000000000000000000000000000000000000000100009775362466FRANCISCA DA SILVA                      RUA B, 52 PROJETO N8 PETROLINA  PE                  56300000                                                            000109
100000 000000000000 00090345100325490REGTIT30865637275601     0002020000005937934000000000002N           2  01000593793420051900000000153000000000099N180918000000000000000100000000000000000000000000000000000000000000000100025122667888AILZA BARROS DA CONCEICAO               PADRE VICTORIO FREGUGLIA AP 04 A, BL 965            13458190                                                            000110
100000 000000000000 00090345100325490REGTIT30865649719623     0002020000005976958000000000002N           2  01000597695820051900000000170000000000099N230119000000000000000110000000000000000000000000000000000000000000000100042369512822MICHELE CRISTINA BELANI                 QUINZE DE NOVEMBRO, 86 - APT 3 CENTRO SA            13450043                                                            000111
100000 000000000000 00090345100325490REGTIT30865716527534     0002020000005984826P00000000002N           2  01000598482620051900000000040000000000099N140219000000000000000030000000000000000000000000000000000000000000000100008951515451WANDERSON DOS SANTOS                    ELISA SIMEON MERETKA, 145 CASA PLANTA QU            83085000                                                            000112
100000 000000000000 00090345100325490REGTIT30865741487840     0002020000005956844500000000002N           2  01000595684420051900000000271670000000099N121118000000000000000180000000000000000000000000000000000000000000000100002632968062TRAYCE DA SILVA ROCHA                   SÃO JUDAS TADEU, 171 VILA JARDIM GUAIBA             92500000                                                            000113
100000 000000000000 00090345100325490REGTIT30865774402129     0002020000005946843200000000002N           2  02000594684310031900000000100000000000099N101018000000000000000070000000000000000000000000000000000000000000000100021421200406FRANCISCO DIASSIS DE SOUZA              03, 01 VILA VELHA PROJETO N 8 PETROLINA             56300000                                                            000114
100000 000000000000 00090345100325490REGTIT30865788745184     0002020000005978014200000000002N           2  01000597801420051900000000125000000000099N310119000000000000000080000000000000000000000000000000000000000000000100002356296263DALVAENILDE RAMOS FILHA DE MIRANDA      CACHOEIRA DO ARARI, 000 CACHOEIRA DO ARA            68840000                                                            000115
100000 000000000000 00090345100325490REGTIT30865820401459     0002020000005992893P00000000002N           2  01000599289320051900000000323000000000099N140319000000000000000220000000000000000000000000000000000000000000000100003096532826JOAO BATISTA ALVES                      SÃO GABRIEL, 77 JARDIM SANTO EDUARDO EMB            06823470                                                            000116
100000 000000000000 00090345100325490REGTIT30865830812383     0002020000005986091P00000000002N           2  01000598609120051900000000085000000000099N260219000000000000000060000000000000000000000000000000000000000000000100006787125909ANDRESSA ALMEIDA WERNECK                RUA SARGENTO WALTER KOTELAC, 38 XAXIM CU            81810603                                                            000117
100000 000000000000 00090345100325490REGTIT30865924855565     0002020000005985088400000000002N           2  01000598508820051900000000307000000000099N160219000000000000000200000000000000000000000000000000000000000000000100011000178870NEUSA IZABEL C. HONORATO                MOMBUCA, 759 JARDIM LARANJEIRAS SANTA BA            13453721                                                            000118
100000 000000000000 00090345100325490REGTIT30865957856546     0002020000005877243P00000000002N           2  01000587724320051900000000400000000000099N230318000000000000000270000000000000000000000000000000000000000000000100003939909580CLAUDIA MEIRE BARBOSA DE MATOS MORAIS   HENRIQUE MOREIRA, 72 JARDIM IRACEMA SAO             05790300                                                            000119
100000 000000000000 00090345100325490REGTIT30865973633254     0002020000005918050100000000002N           2  01000591805020051900000000168000000000099N190718000000000000000110000000000000000000000000000000000000000000000100030382775848JANAINA FERREIRA                        CASTANHEIRA, 153 JARDIM FLAMBOYANT SANTA            13450630                                                            000120
100000 000000000000 00090345100325490REGTIT30865978825526     0002020000005968273600000000002N           2  01000596827320051900000000095220000000099N211218000000000000000060000000000000000000000000000000000000000000000100028853681870TANIA TREVISAN BUENO                    RAIMUNDO FONSECA, 45 VILA GENI PRESIDENT            19023540                                                            000121
100000 000000000000 00090345100325490REGTIT30866041984309     0002020000005986241600000000002N           2  01000598624120051900000000392750000000099N270219000000000000000260000000000000000000000000000000000000000000000207308155000139LIMA VARIEDADES E PRESENTES             ANICETO ZACCHI, 705 SL03 PONTE DO IMARUI            88130301                                                            000122
100000 000000000000 00090345100325490REGTIT30866098938389     0002020000005967751100000000002N           2  01000596775120051900000000400000000000099N181218000000000000000270000000000000000000000000000000000000000000000100034521059899HELENA ELIZABETE JEDREZEJEWSKI          SANTA RITA, 28 ARACOIABINHA ARACOIABA DA            18190000                                                            000123
100000 000000000000 00090345100325490REGTIT30866103634743     0002020000005637816500000000002N           2  01000563781620051900000000500000000000099N191216000000000000000330000000000000000000000000000000000000000000000100003252260328ALEX RODRIGUES VIANA                    SENADOR MILLET, 470 MARANHAO NOVO IMPERA            65903200                                                            000124
100000 000000000000 00090345100325490REGTIT30866155200000     0002020000005968417800000000002N           2  02000596841715031900000000185000000000099N211218000000000000000120000000000000000000000000000000000000000000000100040157008215MARIA IZABEL MONTEIRO SOEIRO            BACURIZINHO (SALVATERRA), 000 MARAJO  BE            66886000                                                            000125
100000 000000000000 00090345100325490REGTIT30866217715437     0002020000005931712400000000002N           2  01000593171220051900000000370000000000099N100918000000000000000250000000000000000000000000000000000000000000000100027481959811KELLER CRISTINA S. NIMTZ                GAVIAO, 302 JARDIM DOS LIRIOS AMERICANA             13467262                                                            000126
100000 000000000000 00090345100325490REGTIT30866254341146     0002020000005929067600000000002N           2  01000592906720051900000000300000000000099N270818000000000000000200000000000000000000000000000000000000000000000100008890069899DENISE BARBOSA GOMES FERREIRA           JAPURA, 52 JARDIM CAMPO LIMPO EMBU SP               06826480                                                            000127
100000 000000000000 00090345100325490REGTIT30866306191844     0002020000005993989300000000002N           2  01000599398920051900000000075000000000099N200319000000000000000050000000000000000000000000000000000000000000000100006425304596WALERYA PATRYNE GOMES DOS SANTOS        PLENARIO DIAS GUIMARAES, 226 CENTRO SAO             47820000                                                            000128
100000 000000000000 00090345100325490REGTIT30866335918092     0002020000005994192800000000002N           2  01000599419220051900000000045920000000099N200319000000000000000030000000000000000000000000000000000000000000000100005111393900CLAUDINEIA DOS REIS DA SILVA            FLORIANOPOLIS, 334 CASA CONJUNTO HENRIQU            87170000                                                            000129
100000 000000000000 00090345100325490REGTIT30866434514890     0002020000005976354P00000000002N           2  02000597635419031900000000032800000000099N190119000000000000000020000000000000000000000000000000000000000000000100001621024962LINDIOMAR PEDRO DE OLIVEIRA             BELA VISTA, 0 CENTRO OURIZONA PR                    87100000                                                            000130
100000 000000000000 00090345100325490REGTIT30866492530918     0002020000005950741100000000002N           2  02000595074103031900000000071670000000099N061118000000000000000050000000000000000000000000000000000000000000000100006679506484MARIA DAS DORES DA SILVA                RUA 11, 155 JOAO DE DEUS PETROLINA PE               56300000                                                            000131
100000 000000000000 00090345100325490REGTIT30866535400458     0002020000005930592400000000002N           2  01000593059220051900000000140000000000099N040918000000000000000090000000000000000000000000000000000000000000000100006507480428MANOEL EDNALDO NASCIMENTO SOUZA         RUA: POMBINHO, 206 COHAB IV PETROLINA PE            56300000                                                            000132
100000 000000000000 00090345100325490REGTIT30866550788866     0002020000005833100P00000000002N           2  01000583310020051900000000188000000000099N041217000000000000000130000000000000000000000000000000000000000000000100031705457878ERICA REGINA DE LIMA                    BANDEIRANTES, 86 BOM RETIRO SAO PAULO SP            01124010                                                            000133
100000 000000000000 00090345100325490REGTIT30866557087223     0002020000005957413500000000002N           2  01000595741320051900000000096000000000099N161118000000000000000060000000000000000000000000000000000000000000000100035313442856LIVIA LACAVA                            VENEZUELA, 217 JARDIM BELO HORIZONTE SAN            13450192                                                            000134
100000 000000000000 00090345100325490REGTIT30866602648906     0002020000005966549100000000002N           2  02000596654924021900000000260000000000099N111218000000000000000170000000000000000000000000000000000000000000000100026631797870ELIZANGELA BASTOS                       IGNACIO PINTO DE CAMPOS, 195 APTO 23 CON            13450000                                                            000135
100000 000000000000 00090345100325490REGTIT30866604474973     0002020000005937585P00000000002N           2  02000593758515031900000000058350000000099N150918000000000000000040000000000000000000000000000000000000000000000100014853442472GENIVALDO  CORDEIRO  DOS  SANTOS        AVENIDA  MARECHAL HERMEM DA  FONSECA, N             56300000                                                            000136
100000 000000000000 00090345100325490REGTIT30866684223823     0002020000005829694800000000002N           2  01000582969420051900000000203000000000099N161117000000000000000140000000000000000000000000000000000000000000000100013523742773ANA LUCIA VIANA HAESE                   JOSÉ S. VIEIRA, S/N CENTRO AFONSO CLAUDI            29600000                                                            000137
100000 000000000000 00090345100325490REGTIT30866715456338     0002020000005939122700000000002N           2  01000593912220051900000000180000000000099N250918000000000000000120000000000000000000000000000000000000000000000100010093377851ANA LUCIA FRANCHI DE ALMEIDA            PERNAMBUCO, 324 VILA BRASIL SANTA BÁRBAR            13450000                                                            000138
100000 000000000000 00090345100325490REGTIT30866718833516     0002020000005968496800000000002N           2  01000596849620051900000000058020000000099N221218000000000000000040000000000000000000000000000000000000000000000100028853681870TANIA TREVISAN BUENO                    RAIMUNDO FONSECA, 45 VILA GENI PRESIDENT            19023540                                                            000139
100000 000000000000 00090345100325490REGTIT30866762129978     0002020000005950295900000000002N           2  01000595029520051900000000400000000000099N031118000000000000000270000000000000000000000000000000000000000000000100037515204818ALDENICE ROCHA                          DA CAPUTERA, 1112 RESSACA  COTIA  SP                06724800                                                            000140
100000 000000000000 00090345100325490REGTIT30866764765737     0002020000005916435200000000002N           2  01000591643520051900000000191660000000099N100718000000000000000130000000000000000000000000000000000000000000000100011763333809VITALINA SANTOS SILVA                   GUILHERME LORICCHIO, 6 PARQUE FERNANDA S            05889290                                                            000141
100000 000000000000 00090345100325490REGTIT30866775263071     0002020000005985909100000000002N           2  01000598590920051900000000079000000000099N250219000000000000000050000000000000000000000000000000000000000000000100025662400865SONIA MARIA V VITORINO                  ARTUR GONÇALVES DA SILVA, 52 SANTA RITA             13457080                                                            000142
100000 000000000000 00090345100325490REGTIT30866806101161     0002020000005969156500000000002N           2  02000596915628021900000000043570000000099N291218000000000000000030000000000000000000000000000000000000000000000100005722603937SALETE BARBOSA DA SILVA                 CAMPO GRANDE, 1 CASA CJ VOLPATO  OURIZON            87170000                                                            000143
100000 000000000000 00090345100325490REGTIT30866810814278     0002020000005994070000000000002N           2  01000599407020051900000000405890000000099N200319000000000000000270000000000000000000000000000000000000000000000100006182602694MAURICIO DE OLIVEIRA TEIXEIRA           DOM PEDRO DE ALCANTARA (VL S PEDRO), 345            09784000                                                            000144
100000 000000000000 00090345100325490REGTIT30866859740813     0002020000005930419700000000002N           2  01000593041920051900000000270000000000099N030918000000000000000180000000000000000000000000000000000000000000000100096329173400ISAAC GABRIEL DA SILVA                  DONA CARENTINA, 6 JORDAO RECIFE PE                  51260040                                                            000145
100000 000000000000 00090345100325490REGTIT30866862620152     0002020000005984735200000000002N           2  01000598473520051900000000122730000000099N130219000000000000000080000000000000000000000000000000000000000000000100022966644826IVONE DAS GRAÇAS FERREIRA DA SILVA      SUELI MAXIMO MATOS, 100 JARDIM IRACEMA T            06770120                                                            000146
100000 000000000000 00090345100325490REGTIT30866881617291     0002020000005948217600000000002N           2  01000594821720051900000000060000000000099N201018000000000000000040000000000000000000000000000000000000000000000100015589196949PAULO DA SILVA LIMA                     RIO GRANDE DO NORTE, 406 CASA  CAMPO PEQ            82404240                                                            000147
100000 000000000000 00090345100325490REGTIT30866973278981     0002020000005926155200000000002N           2  01000592615520051900000000490000000000099N100818000000000000000330000000000000000000000000000000000000000000000100007611949675ANTONIO JUNIOR SALES SILVA              NELSON LOMANTO, 15 A AP03 JARDIM HELGA S            05794350                                                            000148
100000 000000000000 00090345100325490REGTIT30866994165509     0002020000005838889300000000002N           2  01000583888920051900000000167000000000099N071217000000000000000110000000000000000000000000000000000000000000000100011675762686LUIZ EDUARDO RODRIGUES DE ALMEIDA       SINUÊ-ISSA, 299 ALIANÇA MEDINA MG                   39620000                                                            000149
100000 000000000000 00090345100325490REGTIT30866995406353     0002020000005901326500000000002N           2  01000590132620051900000000112000000000099N050618000000000000000070000000000000000000000000000000000000000000000100028194124832ROSILEIDE ALEXANDRE SANTOS OLIVEIRA     CHARLES GARNIER, 26 JARDIM DAS ROSAS (ZO            05893070                                                            000150
100000 000000000000 00090345100325490REGTIT30867053104167     0002020000005889896400000000002N           2  01000588989620051900000000300000000000099N040518000000000000000100000000000000000000000000000000000000000000000100010506103935GABRIEL RIBEIRO DA LUZ                  JOINVILLE, 286 PLANTA SAO TIAGO PIRAQUAR            83307070                                                            000151
100000 000000000000 00090345100325490REGTIT30867068061658     0002020000005951017P00000000002N           2  01000595101720051900000000200000000000099N071118000000000000000130000000000000000000000000000000000000000000000100059516291287JOSE FERNANDES DA COSTA                 VICINAL 325 NORTE, 4 KM 325 PACAJA  PA              68485000                                                            000152
100000 000000000000 00090345100325490REGTIT30867274878741     0002020000005947591900000000002N           2  01000594759120051900000000270000000000099N161018000000000000000180000000000000000000000000000000000000000000000100040282133801BRUNO CASALOTI                          XAVANTES, 114 JARDIM SAO FRANCISCO SANTA            13456072                                                            000153
100000 000000000000 00090345100325490REGTIT30867286781999     0002020000005969633800000000002N           2  01000596963320051900000000410000000000099N070119000000000000000270000000000000000000000000000000000000000000000100004984115831OSWALDO HERMÓGENES DE SOUZA             CABREUVA, 398 CHACARA SANTA MARIA  ITAPE            06856860                                                            000154
100000 000000000000 00090345100325490REGTIT30867459426580     0002020000005965857600000000002N           2  01000596585720051900000000139600000000099N071218000000000000000090000000000000000000000000000000000000000000000100000442816251ROSANA SENA DOS SANTOS                  COMUNIDADE DO CUPUAÇU, S|N UNIAO BARCARE            68447000                                                            000155
100000 000000000000 00090345100325490REGTIT30867501699394     0002020000005957496800000000002N           2  01000595749620051900000000439830000000099N161118000000000000000290000000000000000000000000000000000000000000000100004916250818BRAZ CHAGAS                             FOZ DO IGUACU, 67 JARDIM VALO VELHO ITAP            06856800                                                            000156
100000 000000000000 00090345100325490REGTIT30867511923271     0002020000005985045000000000002N           2  01000598504520051900000000230000000000099N160219000000000000000150000000000000000000000000000000000000000000000100028950007860SARA QUEIROZ RIBEIRO FELICIANO          ORLANDO CERCHIARE, 105 JARDIM VILA RICA             13453255                                                            000157
100000 000000000000 00090345100325490REGTIT30867556446356     0002020000005948297400000000002N           2  01000594829720051900000000188000000000099N201018000000000000000130000000000000000000000000000000000000000000000100039504260861JANAINA MENA COTRIM                     PROFETA ISAIAS, 430 JARDIM LAUDISSI SANT            13458080                                                            000158
100000 000000000000 00090345100325490REGTIT30867556501842     0002020000005994236300000000002N           2  01000599423610041900000000564000000000099N210319000000000000000380000000000000000000000000000000000000000000000230355042000106CANTINAS DO TIO JULIO                   DOUTOR HOMEM DE MELO, 537 PERDIZES SAO P            05007001                                                            000159
100000 000000000000 00090345100325490REGTIT30867614407738     0002020000005948600700000000002N           2  02000594860017031900000000075000000000099N231018000000000000000050000000000000000000000000000000000000000000000100004296975463HELENO BENICIO DE LIMA                  RUA: 05, 21 PROJETO N 03 PETROLINA PE               56300000                                                            000160
100000 000000000000 00090345100325490REGTIT30867635396346     0002020000005938858700000000002N           2  02000593885818031900000000060000000000099N240918000000000000000040000000000000000000000000000000000000000000000100001141986400COSMA  MARIA  NOGUEIRA  ADOLFINO        RUA  TIRADENTES, N 136 VILA  EDUARDO PET            56300000                                                            000161
100000 000000000000 00090345100325490REGTIT30867654850197     0002020000005994197900000000002N           2  01000599419720051900000000200000000000099N200319000000000000000130000000000000000000000000000000000000000000000100007899078792ANTONIO CARLOS RIBEIRO CORREIA          ES.SANTAMAVRA, 170 CASA CURUCICA RIO DE             22780170                                                            000162
100000 000000000000 00090345100325490REGTIT30867669070180     0002020000005985510P00000000002N           2  01000598551020051900000000071230000000099N200219000000000000000050000000000000000000000000000000000000000000000100002000716962MARIA VICENTE BARBOSA                   QUADRA 2 LOTE 13, LOTE13 BAIXADA DA AREI            87170000                                                            000163
100000 000000000000 00090345100325490REGTIT30867671815695     0002020000005986270P00000000002N           2  01000598627020051900000000119900000000099N270219000000000000000200000000000000000000000000000000000000000000000100002167642032KETLENN KARINA SILVEIRA PEIXOTO         FRANCISCO AZEREDO COUTINHO, 336 JARDIM I            92500000                                                            000164
100000 000000000000 00090345100325490REGTIT30867739075033     0002020000005930044200000000002N           2  01000593004420051900000000100000000000099N310818000000000000000070000000000000000000000000000000000000000000000100038485959825DANYTIELLE CRISTINA O. SILVA            ANTONIO T. OLIVEIRA E SOUZA, 31 JARDIM R            13456047                                                            000165
100000 000000000000 00090345100325490REGTIT30867747712876     0002020000005968233700000000002N           2  01000596823320051900000000500000000000099N201218000000000000000330000000000000000000000000000000000000000000000100007563044906GISLAINE PAES DA SILVA                  GUSTAVO WACHOLS, 94 VILA MARIANA PIRAQUA            83311190                                                            000166
100000 000000000000 00090345100325490REGTIT30867781272890     0002020000005889443800000000002N           2  01000588944320051900000000250000000000099N300418000000000000000170000000000000000000000000000000000000000000000100022821076835DAYANA ALVES PEREIRA                    NELIA AFONSO CEDRO, 115 CASA 03 JARDIM O            06845200                                                            000167
100000 000000000000 00090345100325490REGTIT30867838470426     0002020000005959126900000000002N           2  02000595912627021900000000112500000000099N271118000000000000000080000000000000000000000000000000000000000000000100002692615409IRACEMA DA SILVA ALVES                  QUADRA D, 01 PROJETO N 10 PETROLINA PE              56300000                                                            000168
100000 000000000000 00090345100325490REGTIT30867859286578     0002020000005967441500000000002N           2  01000596744120051900000000508000000000099N171218000000000000000340000000000000000000000000000000000000000000000100004899195613GABRIELLE MARTINELLO                    CAMILO AUGUSTO DE CAMPOS, 145 JD AMERICA            13450000                                                            000169
100000 000000000000 00090345100325490REGTIT30868061089623     0002020000005931700000000000002N           2  01000593170020051900000000140000000000099N100918000000000000000090000000000000000000000000000000000000000000000100032229273833GERSON DA SILVA TRINDADE                JAPAO, 177 JARDIM MIMAS EMBU SP                     06807560                                                            000170
100000 000000000000 00090345100325490REGTIT30868143775256     0002020000005985588600000000002N           2  01000598558820051900000000080730000000099N200219000000000000000050000000000000000000000000000000000000000000000100003595782925SILMARA LUIZA DA SILVA                  PROJETADA A, 61 CENTRO OURIZONA PR                  87170000                                                            000171
100000 000000000000 00090345100325490REGTIT30868162465157     0002020000005968118700000000002N           2  01000596811820051900000000080000000000099N201218000000000000000130000000000000000000000000000000000000000000000100008643134970JACKSON LUIS PEREIRA                    JOSE TREVISAN, 1169 SAO MARCOS SAO JOSE             83090090                                                            000172
100000 000000000000 00090345100325490REGTIT30868220110221     0002020000005976525900000000002N           2  01000597652520051900000000120000000000099N210119000000000000000080000000000000000000000000000000000000000000000100056977972220SIMONE DO SOCORRO DA SILVA OLIVEIRA     CORONEL JUVENCIO SARMENTO, 9 CRUZEIRO (I            66810080                                                            000173
100000 000000000000 00090345100325490REGTIT30868223814521     0002020000005985378600000000002N           2  01000598537820051900000000080000000000099N190219000000000000000050000000000000000000000000000000000000000000000100026233883857JANAINA DIAS GOMES DOS SANTOS           RUA FORTUNATO FARAONE, 1100 APTO 14 VILA            13465660                                                            000174
100000 000000000000 00090345100325490REGTIT30868230935393     0002020000005946748700000000002N           2  01000594674820051900000000195000000000099N101018000000000000000130000000000000000000000000000000000000000000000100016784988825JACIRA DOS SANTOS                       ROLDÃO JORGE PATRÍCIO, 311 CONJ DOS TRAB            13450000                                                            000175
100000 000000000000 00090345100325490REGTIT30868265010474     0002020000005993607P00000000002N           2  01000599360720051900000000229470000000099N180319000000000000000150000000000000000000000000000000000000000000000100005824724903ROBERTO DOS SANTOS                      JOSE JOAO FERREIRA DE LIMA, 353 CASA CID            81170335                                                            000176
100000 000000000000 00090345100325490REGTIT30868266412926     0002020000005975650000000000002N           2  01000597565020051900000000300000000000099N150119000000000000000200000000000000000000000000000000000000000000000100005617331981ELAINE CRISTINA MATOZO                  REGINALDO APARECIDO DOS SANTOS, 74 RIO P            83065586                                                            000177
100000 000000000000 00090345100325490REGTIT30868330466395     0002020000005947026700000000002N           2  01000594702620051900000000020000000000099N111018000000000000000010000000000000000000000000000000000000000000000100033101264472JAILTON DA SILVA GOUVEIA                DOS GERANIO, 2 BAIRRO NOVO DO CARMELO CA            54759370                                                            000178
100000 000000000000 00090345100325490REGTIT30868373916430     0002020000005985547900000000002N           2  01000598554720051900000000250000000000099N200219000000000000000170000000000000000000000000000000000000000000000100043008953840LUCAS DOS SANTOS LEMOS                  JOAO MEIMBERG, 5 JARDIM SAO LUIS  SAO PA            05843300                                                            000179
100000 000000000000 00090345100325490REGTIT30868392578152     0002020000005968163200000000002N           2  01000596816320051900000000091950000000099N201218000000000000000060000000000000000000000000000000000000000000000100074486896904MARIA SOCORRO OLIVEIRA FERRAREZI        ARITÃ, 394 CENTRO OURIZONA PR                       87170000                                                            000180
100000 000000000000 00090345100325490REGTIT30868419228345     0002020000005968801700000000002N           2  01000596880120051900000000199000000000099N261218000000000000000130000000000000000000000000000000000000000000000100043491946816LARISSA LETICIA DOS SANTOS A MACHADO    RUA PADRE OSWALDO VIEIRA ANDRADE, 308 TE            13468881                                                            000181
100000 000000000000 00090345100325490REGTIT30868469723752     0002020000005978871200000000002N           2  01000597887120051900000000116670000000099N070219000000000000000080000000000000000000000000000000000000000000000100002739586230LEANDRO FERREIRA SANTOS                 ALAGOAS, 520A JUCARA IMPERATRIZ MA                  65919170                                                            000182
100000 000000000000 00090345100325490REGTIT30868471542538     0002020000005939446300000000002N           2  01000593944620051900000000290000000000099N270918000000000000000190000000000000000000000000000000000000000000000100019208779831MEIRE PEREIRA GOMES LOMBI               MANOEL LIRA, 135 JARDIM PRIMAVERA SANTA             13450000                                                            000183
100000 000000000000 00090345100325490REGTIT30868620118685     0002020000005993155800000000002N           2  01000599315520051900000000126670000000099N150319000000000000000080000000000000000000000000000000000000000000000100005906792287ORLANDO FRANCI MALHEIROS                ALAMEDA PRINCESA ISABEL II, casa 84 PONT            66813430                                                            000184
100000 000000000000 00090345100325490REGTIT30868739350111     0002020000005926852200000000002N           2  01000592685220051900000000500000000000099N150818000000000000000330000000000000000000000000000000000000000000000100028483682842EDILSON SEVERINO DA SILVA               GOVERNADOR MARIO COVAS, 87 PARQUE JACARA            06774005                                                            000185
100000 000000000000 00090345100325490REGTIT30868781634362     0002020000005959439P00000000002N           2  02000595943926031900000000197500000000099N291118000000000000000130000000000000000000000000000000000000000000000100074800434491JOSÉ DOS ANJOS SANTOS                   SITIO MUDUBIM, S|N PROX A CRUZ DE SALINA            00000000                                                            000186
100000 000000000000 00090345100325490REGTIT30868834217029     0002020000005976989000000000002N           2  01000597698920051900000000200000000000099N230119000000000000000130000000000000000000000000000000000000000000000100030944733859RENATO VIEIRA DE PAULO BARBOSA          CHARLES GARNIER, 62 JARDIM DAS ROSAS (ZO            05893070                                                            000187
100000 000000000000 00090345100325490REGTIT30868837607035     0002020000005897118100000000002N           2  01000589711820051900000000150000000000099N140518000000000000000100000000000000000000000000000000000000000000000100020000888800ADRIANA SILVA FERREIRA LIMA             APARECIDA GUERINI CRUZ, 140 JARDIM CLEME            06770260                                                            000188
100000 000000000000 00090345100325490REGTIT30868844029601     0002020000005957795900000000002N           2  02000595779520021900000000035800000000099N201118000000000000000020000000000000000000000000000000000000000000000100005722603937SALETE BARBOSA DA SILVA                 CAMPO GRANDE, 1 CASA CJ VOLPATO  OURIZON            87170000                                                            000189
100000 000000000000 00090345100325490REGTIT30868908984507     0002020000005918075700000000002N           2  01000591807520051900000000158000000000099N190718000000000000000110000000000000000000000000000000000000000000000100092701680859IVANILDA MARIA DA COSTA                 CEARA, 560 VILA BRASIL SANTA BARBARA D O            13451080                                                            000190
100000 000000000000 00090345100325490REGTIT30868979190178     0002020000005994051400000000002N           2  01000599405120051900000000150000000000099N200319000000000000000100000000000000000000000000000000000000000000000100018906966253GILSON PEREIRA CRIZOSTOMO               PA SAO GERALDO, S|N VILA BRASILEIRO BOM             68525000                                                            000191
100000 000000000000 00090345100325490REGTIT30868984812270     0002020000005896162300000000002N           2  01000589616220051900000000160000000000099N100518000000000000000110000000000000000000000000000000000000000000000100018647391420ROBERTO BARBOSA GUSMAO                  MARCOLINO DA PAIXAO VIANA, 55 COHAB CABO            54515250                                                            000192
100000 000000000000 00090345100325490REGTIT30869076674601     0002020000005969236700000000002N           2  01000596923620051900000000400000000000099N020119000000000000000270000000000000000000000000000000000000000000000100014890738843ROBERTA MARIA DA SILVA                  ATUCUPE, 342 BL 19 AP 13  JARDIM LEONIDA            05792050                                                            000193
100000 000000000000 00090345100325490REGTIT30869082209861     0002020000005930431600000000002N           2  01000593043120051900000000490000000000099N030918000000000000000330000000000000000000000000000000000000000000000100023063318809JOELMA DO CARMO MACEDO NASCIMENTO       PAULO APARECIDO SILVERIO, 51 JARDIM IRAC            05790115                                                            000194
100000 000000000000 00090345100325490REGTIT30869083531242     0002020000005926905700000000002N           2  01000592690520051900000000243000000000099N150818000000000000000160000000000000000000000000000000000000000000000100006612057971DERCILIA C. DE CARVALHO                 BENEDITO APARECIDO NOBREGA, 120 CASA CON            86082510                                                            000195
100000 000000000000 00090345100325490REGTIT30869125736339     0002020000005966095300000000002N           2  01000596609520051900000000140000000000099N081218000000000000000090000000000000000000000000000000000000000000000100011229320814MARIA APARECIDA CABAL SICHELLI          SEBASTIAO BENEDITO DO AMARAL, 537 VILA L            13450395                                                            000196
100000 000000000000 00090345100325490REGTIT30869129801856     0002020000005969825P00000000002N           2  01000596982520051900000000154000000000099N080119000000000000000100000000000000000000000000000000000000000000000100025482177874NERON GAVIAO                            JOAO TONON, 886 VILA BELA GUARAPUAVA PR             85027050                                                            000197
100000 000000000000 00090345100325490REGTIT30869279544709     0002020000005957040700000000002N           2  01000595704020051900000000250000000000099N131118000000000000000170000000000000000000000000000000000000000000000100035295305813HERMERSON DE OLIVEIRA SILVA             ITALEGRE, 1233 PARAISOPOLIS SAO PAULO SP            05665090                                                            000198
100000 000000000000 00090345100325490REGTIT30869287828707     0002020000005977776100000000002N           2  01000597777620051900000000137500000000099N290119000000000000000000000000000000000000000000000000000000000000000100022187126870VIVIANE DE FATIMA PINHEIRO              PADRE MADUREIRA, 136 CIDADE SATÉLITE SAN            08330444                                                            000199
100000 000000000000 00090345100325490REGTIT30869292705332     0002020000005908744700000000002N           2  01000590874420051900000000135000000000099N180618000000000000000090000000000000000000000000000000000000000000000100005175336428RAFAEL CANDIDO TAVARES                  TREZE DE MAIO, 580 CAJUEIRO SECO JABOATA            54330580                                                            000200
100000 000000000000 00090345100325490REGTIT30869335970286     0002020000005937116100000000002N           2  01000593711620051900000000500000000000099N130918000000000000000330000000000000000000000000000000000000000000000100090076583953FLORIANO GREBOGGI JUNIOR                DO BOTIATUVA, 483 AGUAS CLARAS PIRAQUARA            83309010                                                            000201
100000 000000000000 00090345100325490REGTIT30869423317735     0002020000005909268800000000002N           2  01000590926820051900000000350000000000099N210618000000000000000230000000000000000000000000000000000000000000000100043063882801BIANCA OLIVEIRA VICENTE                 CLARAIBA, 73 JARDIM UMARIZAL SAO PAULO S            05756320                                                            000202
100000 000000000000 00090345100325490REGTIT30869439880847     0002020000005977281600000000002N           2  01000597728120051900000000075000000000099N240119000000000000000130000000000000000000000000000000000000000000000100002901506984CASSIANA COELHO DE LARA                 JORGE DA SILVA, 629 JD CARMEM SAO JOSE D            83090185                                                            000203
100000 000000000000 00090345100325490REGTIT30869449785331     0002020000005930707200000000002N           2  01000593070720051900000000349000000000099N040918000000000000000230000000000000000000000000000000000000000000000100025895390889ALEX ALVES DA SILVA                     JOSE AUGUSTO ESCOBAR, 90 CIDADE INDUSTRI            81305170                                                            000204
100000 000000000000 00090345100325490REGTIT30869450596479     0002020000005937718600000000002N           2  01000593771820051900000000300000000000099N170918000000000000000200000000000000000000000000000000000000000000000100015487678839DENIS GLAUBER NIMTZ                     GAVIAO, 302 CASA B JARDIM DOS LIRIOS AME            13467262                                                            000205
100000 000000000000 00090345100325490REGTIT30869510050424     0002020000005970273700000000002N           2  01000597027320051900000000134880000000099N100119000000000000000090000000000000000000000000000000000000000000000100011431930911FERNANDA CRISTINA MARTINS OLIVEIRA      SETE DE SETEMBRO, 718 CENTRO PONTA GROSS            84010350                                                            000206
100000 000000000000 00090345100325490REGTIT30869555821522     0002020000005947748200000000002N           2  01000594774820051900000000310000000000099N171018000000000000000210000000000000000000000000000000000000000000000100028029340826ALDO CESAR EVARISTO DA SILVA            BATALHA, 84 JARDIM MARGARIDA TABOAO DA S            06786290                                                            000207
100000 000000000000 00090345100325490REGTIT30869638299706     0002020000005918796400000000002N           2  01000591879620051900000000108000000000099N250718000000000000000070000000000000000000000000000000000000000000000100008637533884JAIRA CARLOS                            MARIO DANIEL, 80 ROCHELLE II SANTA BARBA            13450000                                                            000208
100000 000000000000 00090345100325490REGTIT30869639146683     0002020000005967084300000000002N           2  01000596708420051900000000150000000000099N141218000000000000000100000000000000000000000000000000000000000000000100002664004425ROGERIO HONORATO DE FRANCA              MANOEL MARIA CAETANO BOM, 23 CENTRO CABO            54505020                                                            000209
100000 000000000000 00090345100325490REGTIT30869647144286     0002020000005993633900000000002N           2  01000599363320051900000000128610000000099N190319000000000000000090000000000000000000000000000000000000000000000100002071281110LUCIENE SOUZA DOS SANTOS                DA BRISA, 0 Q77 LT07 CIDADE LIVRE APAREC            74970080                                                            000210
100000 000000000000 00090345100325490REGTIT30869648307462     0002020000005987021400000000002N           2  01000598702120051900000000120000000000099N090319000000000000000080000000000000000000000000000000000000000000000100037564791888TAINA KRYSIA G TEIXEIRA                 OSORIO DUQUE ESTRADA, 647 JD BATIGIM SBO            13450000                                                            000211
100000 000000000000 00090345100325490REGTIT30869718920696     0002020000005986401P00000000002N           2  01000598640120051900000000490000000000099N010319000000000000000330000000000000000000000000000000000000000000000100017269059268HILDEMAR NAZARENO SOUZA BRITO           SANHACO (CJ BENJAMIM SODRE), Casa 3 PARQ            66635270                                                            000212
100000 000000000000 00090345100325490REGTIT30869744633262     0002020000005960059400000000002N           2  01000596005920051900000000160000000000099N031218000000000000000110000000000000000000000000000000000000000000000100037064409895GILSON CARLOS XAVIER DE OSUZA           HERBERT SPENCER, 880 PARAISOPOLIS SAO PA            05663010                                                            000213
100000 000000000000 00090345100325490REGTIT30869802788347     0002020000005969772500000000002N           2  01000596977220051900000000350000000000099N080119000000000000000230000000000000000000000000000000000000000000000100033620488894PAULO CESAR ALVES SILVA                 JORGE AFONSO, 91 JARDIM MITSUTANI SAO PA            05791110                                                            000214
100000 000000000000 00090345100325490REGTIT30869816744931     0002020000005948538800000000002N           2  01000594853820051900000000081250000000099N221018000000000000000050000000000000000000000000000000000000000000000100002994898411ZENAIDE PEREIRA DE SOUZA                LINS REGO, AP 01 VILA EDUARDO PETROLINA             56300000                                                            000215
100000 000000000000 00090345100325490REGTIT30869927894245     0002020000005993479400000000002N           2  01000599347920051900000000072500000000099N180319000000000000000050000000000000000000000000000000000000000000000100060508008395RAYLANE SOUSA ALVES                     RUA ALAGOAS, 520 JUCARA IMPERATRIZ MA               65919170                                                            000216
100000 000000000000 00090345100325490REGTIT30869955501378     0002020000005957726600000000002N           2  02000595772605031900000000211130000000099N191118000000000000000140000000000000000000000000000000000000000000000100084515635468EULINA DE ARAUJO BARROS                 RUA 01, 313 N3 PETROLINA PE                         56300000                                                            000217
100000 000000000000 00090345100325490REGTIT30869996526580     0002020000005987764200000000002N           2  01000598776420051900000000140000000000099N130319000000000000000090000000000000000000000000000000000000000000000100083513299400JOSE ANDRE DOS SANTOS                   RUA PEDRO BORGES, 445 BAIRRO DOS ESTADOS            54762787                                                            000218
9                                                                                                                                                                                                                                                                                                                                                                                                         000219