01REMESSA01COBRANCA       00000000000004852239ISPCN                         237BRADESCO       110319        MX0003007                                                                                                                                                                                                                                                                                     000001
100000 000000000000 00090345100325490REGTIT30071181152889     0002020000005928604000000000002N           2  02000592860420021900000000170000000000099N250818000000000000000110000000000000000000000000000000000000000000000100028361131892MARILENE QUEIROZ MASCARANHA             ANTENOR KUERCHE DE MENEZES, 309 RESIDENC            13458715                                                            000002
100000 000000000000 00090345100325490REGTIT30071218713136     0002020000005987481300000000002N           2  01000598748101041900000001200000000000099N110319000000000000000800000000000000000000000000000000000000000000000205353545001762NORMATEL ENGENHARIA LTDA                ELEOSINA PEREIRA DE QUEIROS MATOSO, 130             27940050                                                            000003
100000 000000000000 00090345100325490REGTIT30071422368159     0002020000005958411400000000002N           2  02000595841123021900000000155000000000099N231118000000000000000100000000000000000000000000000000000000000000000100054561256172KELY CRISTINA ROSA                      LISBOA, 148 QD 02 LOTE 30 ALTO DA BOA VI            00078088                                                            000004
100000 000000000000 00090345100325490REGTIT30071610080247     0002020000005969423800000000002N           2  02000596942310031900000000040640000000099N040119000000000000000030000000000000000000000000000000000000000000000100002927952116JOSIANE APARECIDA RODRIGUES             MACHADO DE ASSIS, 922 CENTRO OURIZONA PR            87170000                                                            000005
100000 000000000000 00090345100325490REGTIT30071639193089     0002020000005985002700000000002N           2  02000598500210031900000000245000000000099N150219000000000000000160000000000000000000000000000000000000000000000100020972040234MARIA NEUSA NUNES AIRES                 RUA CAMELIA, 11|05 CIDADE JARDIM I PARQU            66635110                                                            000006
100000 000000000000 00090345100325490REGTIT30071744888313     0002020000005987451100000000002N           2  01000598745120031900000000069000000000099N110319000000000000000050000000000000000000000000000000000000000000000100066298580182CELSO SERAFIM PACHECO                   ANA LUIZA DE SOUZA, 1389 SANTA BRANCA CA            79070140                                                            000007
100000 000000000000 00090345100325490REGTIT30071744888313     0002020000005987452P00000000002N           2  01000598745215041900000000069000000000099N110319000000000000000050000000000000000000000000000000000000000000000100066298580182CELSO SERAFIM PACHECO                   ANA LUIZA DE SOUZA, 1389 SANTA BRANCA CA            79070140                                                            000008
100000 000000000000 00090345100325490REGTIT30071842641830     0002020000005987471600000000002N           2  01000598747120031900000000069000000000099N110319000000000000000050000000000000000000000000000000000000000000000100003195888157CLAUDINEIA DA SILVA                     DURVAL NANTES, 173 JARDIM BOTANICO CAMPO            79070455                                                            000009
100000 000000000000 00090345100325490REGTIT30071842641830     0002020000005987472400000000002N           2  01000598747215041900000000069000000000099N110319000000000000000050000000000000000000000000000000000000000000000100003195888157CLAUDINEIA DA SILVA                     DURVAL NANTES, 173 JARDIM BOTANICO CAMPO            79070455                                                            000010
100000 000000000000 00090345100325490REGTIT30071858551543     0002020000005940311P00000000002N           2  02000594031104031900000000370000000000099N021018000000000000000250000000000000000000000000000000000000000000000100064935558849DIMAS CORREIA DA SILVA                  SERVIDÃO, 699 JARDIM GERIVA SANTA BÁRBAR            13456343                                                            000011
100000 000000000000 00090345100325490REGTIT30071916081859     0002020000005977487800000000002N           2  02000597748723021900000000450000000000099N250119000000000000000300000000000000000000000000000000000000000000000208999791000117PIZZARIA MANA DO CEU                    MARECHAL HERMES, 2282 VILA INA SAO JOSE             83065000                                                            000012
100000 000000000000 00090345100325490REGTIT30072073583255     0002020000005978562400000000002N           2  02000597856210031900000000036380000000099N050219000000000000000020000000000000000000000000000000000000000000000100006323829967SUZANA FARAIM                           BELA VISTA, 1577 CENTRO OURIZONA PR                 87170000                                                            000013
100000 000000000000 00090345100325490REGTIT30072095410968     0002020000005987529100000000002N           2  01000598752920031900000000069000000000099N110319000000000000000050000000000000000000000000000000000000000000000100001320251161MARCILENE NANTES                        JOAQUIM BARBOZA DE SOUZA, 285 JARDIM BOT            79070226                                                            000014
100000 000000000000 00090345100325490REGTIT30072095410968     0002020000005987530500000000002N           2  01000598753015041900000000069000000000099N110319000000000000000050000000000000000000000000000000000000000000000100001320251161MARCILENE NANTES                        JOAQUIM BARBOZA DE SOUZA, 285 JARDIM BOT            79070226                                                            000015
100000 000000000000 00090345100325490REGTIT30072170260283     0002020000005956910700000000002N           2  02000595691009031900000000100000000000099N131118000000000000000070000000000000000000000000000000000000000000000100039187462591PERPETUA DE SOUZA NERI RODRIGUES        RUA V, 7 QUADRA E PROJETO N 4 PETROLINA             56300000                                                            000016
100000 000000000000 00090345100325490REGTIT30072485636621     0002020000005979027P00000000002N           2  02000597902705031900000000130000000000099N080219000000000000000090000000000000000000000000000000000000000000000100005674218137REYNAN CRUZ DOS SANTOS                  VENEZA, 919B JARDIM ISAURA SANTANA DE PA            06516055                                                            000017
100000 000000000000 00090345100325490REGTIT30072493699702     0002020000005960090P00000000002N           2  02000596009010021900000000062700000000099N031218000000000000000040000000000000000000000000000000000000000000000100002755401974CELSO MELAO                             ESTRADA BAMBU, 3 BAIRRO OURIZONA PR                 87170000                                                            000018
100000 000000000000 00090345100325490REGTIT30073037814816     0002020000005986584900000000002N           2  02000598658410031900000000460000000000099N040319000000000000000310000000000000000000000000000000000000000000000100086638980882BEATRIZ LEITE F. STENICO                TAMOIOS, 0 JARDIM SAO FRANCISCO SANTA BA            13456081                                                            000019
100000 000000000000 00090345100325490REGTIT30073099109604     0002020000005956678700000000002N           2  02000595667810031900000000097200000000099N121118000000000000000060000000000000000000000000000000000000000000000100005366411963ANDREIA APARECIDA SIQUEIRA              BENJAMIM PEREIRA DA SILVA, 38 CENTRO OUR            87170000                                                            000020
100000 000000000000 00090345100325490REGTIT30073361627124     0002020000005957570000000000002N           2  02000595757020031900000000280000000000099N171118000000000000000190000000000000000000000000000000000000000000000100002768775860CICERO LAURENTINO                       DAMASIO PIMENTEL DE CAMARGO, 393 SANTA R            13450000                                                            000021
100000 000000000000 00090345100325490REGTIT30073443000250     0002020000005987509700000000002N           2  01000598750920031900000000069000000000099N110319000000000000000050000000000000000000000000000000000000000000000100002126970132VANESSA KELLY COSTA DE PAULA            GASPAR DE LEMOS, 431 PIONEIROS CAMPO GRA            79070220                                                            000022
100000 000000000000 00090345100325490REGTIT30073443000250     0002020000005987510000000000002N           2  01000598751015041900000000069000000000099N110319000000000000000050000000000000000000000000000000000000000000000100002126970132VANESSA KELLY COSTA DE PAULA            GASPAR DE LEMOS, 431 PIONEIROS CAMPO GRA            79070220                                                            000023
100000 000000000000 00090345100325490REGTIT30073766294800     0002020000005958606000000000002N           2  02000595860610031900000000040170000000099N241118000000000000000030000000000000000000000000000000000000000000000100059914564968DOMINGAS BARBOSA SANTIAGO               BELA VISTA, 1603 CENTRO OURIZONA PR                 87170000                                                            000024
100000 000000000000 00090345100325490REGTIT30073794559513     0002020000005949788200000000002N           2  02000594978815021900000000160000000000099N301018000000000000000110000000000000000000000000000000000000000000000100027065308120JOSE BONIFACIO MARQUES FRANÇA           QR411 CONJ09 CASA19, 19 PROPIO SAMAMBAIA            72000000                                                            000025
100000 000000000000 00090345100325490REGTIT30073871692977     0002020000005958844600000000002N           2  02000595884411021900000000325000000000099N261118000000000000000540000000000000000000000000000000000000000000000202945870000320OMEGA IND COM E DESENVOLVIMENTO SIST E IRUA JANDAIA DO SUL, 125 EMILIANO PERNETA            83324440                                                            000026
100000 000000000000 00090345100325490REGTIT30073871692977     0002020000005958845400000000002N           2  02000595884511031900000000325000000000099N261118000000000000000540000000000000000000000000000000000000000000000202945870000320OMEGA IND COM E DESENVOLVIMENTO SIST E IRUA JANDAIA DO SUL, 125 EMILIANO PERNETA            83324440                                                            000027
100000 000000000000 00090345100325490REGTIT30074100013180     0002020000005950616400000000002N           2  02000595061610021900000000149000000000099N061118000000000000000100000000000000000000000000000000000000000000000100028378841898DEVANIR N DA ROCHA                      JOSE CASSASSA, 508 SANTA RITA II NOVA OD            13386070                                                            000028
100000 000000000000 00090345100325490REGTIT30074162869242     0002020000005977542400000000002N           2  02000597754220021900000000040250000000099N260119000000000000000030000000000000000000000000000000000000000000000100002373067196CINDY ROCHA EUGENIO                     QR615  CONJ10  CASA, 20 NORTE SAMAMBAIA             72331811                                                            000029
100000 000000000000 00090345100325490REGTIT30074163007164     0002020000005987493700000000002N           2  01000598749320031900000000069000000000099N110319000000000000000050000000000000000000000000000000000000000000000100096049189153CRISTINA LAURA CALIXTO                  DEOLINDA PEREIRA DE SOUZA, 1551 JARDIM D            79070130                                                            000030
100000 000000000000 00090345100325490REGTIT30074163007164     0002020000005987494500000000002N           2  01000598749415041900000000069000000000099N110319000000000000000050000000000000000000000000000000000000000000000100096049189153CRISTINA LAURA CALIXTO                  DEOLINDA PEREIRA DE SOUZA, 1551 JARDIM D            79070130                                                            000031
100000 000000000000 00090345100325490REGTIT30074166632402     0002020000005968467400000000002N           2  02000596846710031900000000034800000000099N221218000000000000000020000000000000000000000000000000000000000000000100059914564968DOMINGAS BARBOSA SANTIAGO               BELA VISTA, 1603 CENTRO OURIZONA PR                 87170000                                                            000032
100000 000000000000 00090345100325490REGTIT30074237879042     0002020000005948475600000000002N           2  02000594847522021900000000110000000000099N221018000000000000000070000000000000000000000000000000000000000000000100039611511809LIGIAN CORREA RODRIGUES                 ANTONIO MORAES BARROS, 670 JARDIM VISTA             13458574                                                            000033
100000 000000000000 00090345100325490REGTIT30074406615652     0002020000005927432800000000002N           2  02000592743201031900000000092860000000099N170818000000000000000060000000000000000000000000000000000000000000000100001122503431MARIA DAS GRACAS SILVA VIANA            RUA: 7, 320 TERRA DO SUL PETROLINA PE               56300000                                                            000034
100000 000000000000 00090345100325490REGTIT30074486759876     0002020000005987504600000000002N           2  01000598750408041900000001000000000000099N110319000000000000000670000000000000000000000000000000000000000000000100002336972921LEONI SANTIAGO DO NASCIMENTO            FELIPE GUBERT, 237 CASA 04 VL SAO CRISTO            83305340                                                            000035
100000 000000000000 00090345100325490REGTIT30074486759876     0002020000005987505400000000002N           2  01000598750508051900000000530000000000099N110319000000000000000350000000000000000000000000000000000000000000000100002336972921LEONI SANTIAGO DO NASCIMENTO            FELIPE GUBERT, 237 CASA 04 VL SAO CRISTO            83305340                                                            000036
100000 000000000000 00090345100325490REGTIT30074705574044     0002020000005949626600000000002N           2  02000594962615031900000000198000000000099N291018000000000000000130000000000000000000000000000000000000000000000100045685830807RAISSA FERNANDA BALDO                   VINTE E UM DE FEVEREIRO, 87 CONJUNTO HAB            13453149                                                            000037
100000 000000000000 00090345100325490REGTIT30075087719451     0002020000005969397500000000002N           2  02000596939707031900000000510000000000099N040119000000000000000340000000000000000000000000000000000000000000000100005364311830MARIA INES P DOS SANTOS                 CIRO DOS ANJOS, 171 PARQUE RESIDENCIAL S            13457006                                                            000038
100000 000000000000 00090345100325490REGTIT30075303618845     0002020000005966750800000000002N           2  02000596675020021900000000250000000000099N121218000000000000000170000000000000000000000000000000000000000000000100051845199987JOSE CARLOS ALVES                       HENRIQUE BRUDECK, 469 CASA VILA SAO CRIS            83305345                                                            000039
100000 000000000000 00090345100325490REGTIT30075782001643     0002020000005987544500000000002N           2  01000598754420031900000000069000000000099N110319000000000000000050000000000000000000000000000000000000000000000100071113215100VALDENIR SILVA DE ARAUJO                PROGETADA, 56 JARDIM BOTANICO II CAMPO G            79000000                                                            000040
100000 000000000000 00090345100325490REGTIT30075782001643     0002020000005987545300000000002N           2  01000598754515041900000000069000000000099N110319000000000000000050000000000000000000000000000000000000000000000100071113215100VALDENIR SILVA DE ARAUJO                PROGETADA, 56 JARDIM BOTANICO II CAMPO G            79000000                                                            000041
100000 000000000000 00090345100325490REGTIT30075885161442     0002020000005985424300000000002N           2  02000598542415031900000000098310000000099N190219000000000000000070000000000000000000000000000000000000000000000100008104197932DAIANE CAROLINE AMARAL DE AQUINO        CAMPO GRANDE, 1706 CENTRO OURIZONA PR               87170000                                                            000042
100000 000000000000 00090345100325490REGTIT30075917017066     0002020000005987482100000000002N           2  01000598748211041900000000390000000000099N110319000000000000000260000000000000000000000000000000000000000000000212786836000142AGRODAN AGROPECUARIA RORIZ DANTAS LTDA  ESTRADA VISCINAL KM 28 BELEM/IBO,  ZONA             56440000                                                            000043
100000 000000000000 00090345100325490REGTIT30076242692342     0002020000005967260900000000002N           2  02000596726007031900000000648750000000099N151218000000000000000430000000000000000000000000000000000000000000000100050368915115LUZIA APARECIDA BEZERRA DA SILVA        VEREADOR, 904 AP 904 TORRE DAS MAT ACLIM            00078000                                                            000044
100000 000000000000 00090345100325490REGTIT30076247947675     0002020000005958629P00000000002N           2  02000595862915031900000000037480000000099N241118000000000000000020000000000000000000000000000000000000000000000100003871686999MARIA ISABEL BEZERRA DA SILVA           JUPITER, 784 CENTRO OURIZONA PR                     87170000                                                            000045
100000 000000000000 00090345100325490REGTIT30076256835518     0002020000005968871800000000002N           2  02000596887101031900000000150000000000099N271218000000000000000100000000000000000000000000000000000000000000000100002862926299JHULIA CAROLINE E SILVA BATISTA         TRAVESSA MANOEL SIQUEIRA, 28 AGUA BOA (O            66843490                                                            000046
100000 000000000000 00090345100325490REGTIT30076376737347     0002020000005987508900000000002N           2  01000598750820041900000000413310000000099N110319000000000000000280000000000000000000000000000000000000000000000100009258341902RODRIGO PEREIRA AFONSO                  DINIZ JOAQUIM GEREMIAS, 195 CASA UBERABA            81570470                                                            000047
100000 000000000000 00090345100325490REGTIT30076515748645     0002020000005987539900000000002N           2  01000598753912031900000000980000000000099N110319000000000000000650000000000000000000000000000000000000000000000100006243498964ROSIANE KREPEL                          PEDRO POLATI, 62 MARUMBI PIRAQUARA PR               83304380                                                            000048
100000 000000000000 00090345100325490REGTIT30077234913975     0002020000005968878500000000002N           2  02000596887810021900000000240000000000099N271218000000000000000160000000000000000000000000000000000000000000000100021208476572FRANCISCA BARBOSA DA SILVA              N6, 6 CONJ. COHAB CAMPINA DE ICOARACI (I            66815380                                                            000049
100000 000000000000 00090345100325490REGTIT30077573239207     0002020000005987503800000000002N           2  01000598750326031900000000104120000000099N110319000000000000000070000000000000000000000000000000000000000000000100057492948468JOSÉ PEREIRA DE SOUZA FILHO             NILTON MACHADO DE BARROS, 43 PARQUE FERN            05889000                                                            000050
100000 000000000000 00090345100325490REGTIT30077626844379     0002020000005968938200000000002N           2  02000596893810031900000000245700000000099N271218000000000000000160000000000000000000000000000000000000000000000100012706651890CECILIA MARQUES DE PINHO                QR 415 CONJ 06, 2 NORTE SAMAMBAIA DF                72323003                                                            000051
100000 000000000000 00090345100325490REGTIT30077816114810     0002020000005920227000000000002N           2  02000592022710031900000000193990000000099N020818000000000000000130000000000000000000000000000000000000000000000100022544968168ODILIA FERREIRA DE SOUZA                QR415  CONJ09  CASA, 17 PROPIO SNORTE SA            72000000                                                            000052
100000 000000000000 00090345100325490REGTIT30077847799079     0002020000005898713400000000002N           2  02000589871321021900000000100000000000099N210518000000000000000070000000000000000000000000000000000000000000000100005662670471JECILENE DOS SANTOS ARAUJO              QUADRA: D, 32 PROJETO N 09 PETROLINA PE             56300000                                                            000053
100000 000000000000 00090345100325490REGTIT30077901543002     0002020000005987540200000000002N           2  01000598754015041900000000120000000000099N110319000000000000000080000000000000000000000000000000000000000000000100035576553268LUIZ ANTÔNIO RODRIGUES                  RUA 15 DE AGOSTO, 1075 PONTA GROSSA BELE            66812480                                                            000054
100000 000000000000 00090345100325490REGTIT30078025876097     0002020000005919783800000000002N           2  02000591978310031900000000600000000000099N310718000000000000000400000000000000000000000000000000000000000000000100050368915115LUZIA APARECIDA BEZERRA DA SILVA        VEREADOR, 904 AP 904 TORRE DAS MAT ACLIM            00078000                                                            000055
100000 000000000000 00090345100325490REGTIT30078325691173     0002020000005987519400000000002N           2  01000598751920031900000000069000000000099N110319000000000000000050000000000000000000000000000000000000000000000100022672596808LILIAN CRISTINA DA SILVA                JOAQUIM ALVES PEREIRA, 256 PIONEIROS CAM            79007120                                                            000056
100000 000000000000 00090345100325490REGTIT30078325691173     0002020000005987520800000000002N           2  01000598752015041900000000069000000000099N110319000000000000000050000000000000000000000000000000000000000000000100022672596808LILIAN CRISTINA DA SILVA                JOAQUIM ALVES PEREIRA, 256 PIONEIROS CAM            79007120                                                            000057
100000 000000000000 00090345100325490REGTIT30078428726568     0002020000005968548400000000002N           2  02000596854810031900000000180000000000099N241218000000000000000120000000000000000000000000000000000000000000000100061980390568MARIA JOSÉ SILVA CARNEIRO               JORGE JUVENTINO AGUIAR, 0 BL. 30 APTº 24            13450000                                                            000058
100000 000000000000 00090345100325490REGTIT30078437278514     0002020000005959388100000000002N           2  02000595938810031900000000120000000000099N291118000000000000000080000000000000000000000000000000000000000000000100005874358285JESSICA LARISSA MONTEIRO SILVA          DA FELICIDADE, 21 SAO JOAO DO OUTEIRO (O            66840170                                                            000059
100000 000000000000 00090345100325490REGTIT30078450750634     0002020000005970053P00000000002N           2  02000597005309031900000000288360000000099N090119000000000000000190000000000000000000000000000000000000000000000100004910306145GUSTAVO TORRES DOS SANTOS               425 CONJUNTO 13, 01 SAMAMBAIA NORTE SAMA            72327013                                                            000060
100000 000000000000 00090345100325490REGTIT30078643440020     0002020000005985136800000000002N           2  02000598513616031900000000049970000000099N160219000000000000000030000000000000000000000000000000000000000000000100003871686999MARIA ISABEL BEZERRA DA SILVA           JUPITER, 784 CENTRO OURIZONA PR                     87170000                                                            000061
100000 000000000000 00090345100325490REGTIT30078888704996     0002020000005930812500000000002N           2  02000593081210031900000000045420000000099N040918000000000000000030000000000000000000000000000000000000000000000100059914564968DOMINGAS BARBOSA SANTIAGO               BELA VISTA, 1603 CENTRO OURIZONA PR                 87170000                                                            000062
100000 000000000000 00090345100325490REGTIT30079019681256     0002020000005987483P00000000002N           2  01000598748320031900000000069000000000099N110319000000000000000050000000000000000000000000000000000000000000000100080502687134MARIA LUCIA R NUNES                     ALBERTO SALIM JACOB, 107 JARDIM BOTANICO            79070390                                                            000063
100000 000000000000 00090345100325490REGTIT30079019681256     0002020000005987484800000000002N           2  01000598748415041900000000069000000000099N110319000000000000000050000000000000000000000000000000000000000000000100080502687134MARIA LUCIA R NUNES                     ALBERTO SALIM JACOB, 107 JARDIM BOTANICO            79070390                                                            000064
100000 000000000000 00090345100325490REGTIT30079604107654     0002020000005987461900000000002N           2  01000598746120031900000000069000000000099N110319000000000000000050000000000000000000000000000000000000000000000100082901929168ROSIVALDA SIMÃO CARDOSO                 DOS REZENDES, 131 PX A GUAICURUS JARDIM             79074190                                                            000065
100000 000000000000 00090345100325490REGTIT30079604107654     0002020000005987462700000000002N           2  01000598746215041900000000069000000000099N110319000000000000000050000000000000000000000000000000000000000000000100082901929168ROSIVALDA SIMÃO CARDOSO                 DOS REZENDES, 131 PX A GUAICURUS JARDIM             79074190                                                            000066
100000 000000000000 00090345100325490REGTIT30079614957749     0002020000005890481600000000002N           2  02000589048110031900000000072000000000099N070518000000000000000050000000000000000000000000000000000000000000000100045685830807RAISSA FERNANDA BALDO                   VINTE E UM DE FEVEREIRO, 87 CONJUNTO HAB            13453149                                                            000067
100000 000000000000 00090345100325490REGTIT30079759584487     0002020000005895551800000000002N           2  02000589555110021900000000120000000000099N080518000000000000000080000000000000000000000000000000000000000000000100002532040467PERPETUA DA CONCEICAO RODRIGUES         RUA: TABULEIRO, 161 SÃO GONÇALO PETROLIN            56300000                                                            000068
100000 000000000000 00090345100325490REGTIT30079945243899     0002020000005968053900000000002N           2  01000596805308051900000000257140000000099N191218000000000000000170000000000000000000000000000000000000000000000100038877373857VALDENIR COSTA SANTOS                   FERNANDO MARINHO FALCAO, 26 PARQUE FERNA            05888080                                                            000069
9                                                                                                                                                                                                                                                                                                                                                                                                         000070