01REMESSA01COBRANCA       00000000000004852239ISPCN                         237BRADESCO       200319        MX0003082                                                                                                                                                                                                                                                                                     000001
100000 000000000000 00090345100325490REGTIT30821204989357     0002020000005994136700000000002N           2  01000599413620041900000001556100000000099N200319000000000000001040000000000000000000000000000000000000000000000100054081130434PAULOJOSIAS PEREIRA                     HOLANDA, 1294 PARQUE PARAISO ITAPECERICA            06852130                                                            000002
100000 000000000000 00090345100325490REGTIT30821375553810     0002020000005987010900000000002N           2  02000598701015031900000000210000000000099N090319000000000000000140000000000000000000000000000000000000000000000100037564791888TAINA KRYSIA G TEIXEIRA                 OSORIO DUQUE ESTRADA, 647 JD BATIGIM SBO            13450000                                                            000003
100000 000000000000 00090345100325490REGTIT30821689289977     0002020000005939031P00000000002N           2  02000593903106031900000000300000000000099N250918000000000000000200000000000000000000000000000000000000000000000100009993020869BEATRIZ ROCHA                           ARGEMIRO CAMARGO PEDROSO, 1842 JARDIM SA            13457132                                                            000004
100000 000000000000 00090345100325490REGTIT30821953551082     0002020000005978965400000000002N           2  02000597896520031900000000290000000000099N070219000000000000000190000000000000000000000000000000000000000000000100063105993215DELMANA FIGUEIREDO DAS NEVES            VILA DOS INOCENTES, 160 CAMPINA DE ICOAR            66813175                                                            000005
100000 000000000000 00090345100325490REGTIT30822286629544     0002020000005994112P00000000002N           2  01000599411224041900000000195000000000099N200319000000000000000130000000000000000000000000000000000000000000000100091799090353MARIANA SOUSA SIRQUEIRA                 ILHA DO URUBU, S|N ILHA DO URUBU JACUNDA            68590000                                                            000006
100000 000000000000 00090345100325490REGTIT30822338538678     0002020000005994074300000000002N           2  01000599407401051900000000145000000000099N200319000000000000000100000000000000000000000000000000000000000000000100067931227204MARIA CABRAL SOUSA                      VILA LIMAO, S|N ZONA RURAL JACUNDA  PA              68590000                                                            000007
100000 000000000000 00090345100325490REGTIT30822410532587     0002020000005902059800000000002N           2  02000590205915031900000000330000000000099N070618000000000000000220000000000000000000000000000000000000000000000100037564791888TAINA KRYSIA G TEIXEIRA                 OSORIO DUQUE ESTRADA, 647 JD BATIGIM SBO            13450000                                                            000008
100000 000000000000 00090345100325490REGTIT30822575928212     0002020000005978228500000000002N           2  02000597822830031900000000110000000000099N010219000000000000000070000000000000000000000000000000000000000000000100024683981220MARIA RUTHPALHA DE OLIVEIRA             CORONEL JUVENCIO SARMENTO, 965 CASA DOS             66810080                                                            000009
100000 000000000000 00090345100325490REGTIT30822683353788     0002020000005994087500000000002N           2  01000599408724041900000000166670000000099N200319000000000000000110000000000000000000000000000000000000000000000100031902588215MARIA NEIDE FERREIRA DE FRANÇA          VILA CALANGO ASSADO, S|N ZONA RURAL  JAC            68590000                                                            000010
100000 000000000000 00090345100325490REGTIT30823052051203     0002020000005968430500000000002N           2  02000596843015031900000000034690000000099N221218000000000000000020000000000000000000000000000000000000000000000100011815988932RAPHAELA DOS SANTOS CAVICHIO            CAMPO GRANDE, 1131 CENTRO OURIZONA PR               87170000                                                            000011
100000 000000000000 00090345100325490REGTIT30823192988538     0002020000005994116200000000002N           2  01000599411630041900000000225000000000099N200319000000000000000150000000000000000000000000000000000000000000000100074463128234MARIA HELENA ARAUJO BRANDÃO             RODOVIA TRANSAMAZONICA, S|N KM 240 FAIXA            68485000                                                            000012
100000 000000000000 00090345100325490REGTIT30823303097511     0002020000005949014400000000002N           2  02000594901419021900000000075000000000099N251018000000000000000050000000000000000000000000000000000000000000000100086567926449SUZANA REGINA DA SILVA                  RUA: 05, 115 JARDIM PETROPOLIS PETROLINA            56300000                                                            000013
100000 000000000000 00090345100325490REGTIT30823452100848     0002020000005994083200000000002N           2  01000599408320041900000000306840000000099N200319000000000000000200000000000000000000000000000000000000000000000100029523110802MARIO SERGIO BARBOSA DE CASTRO          CARLOS CARDEIRA F,, 9 - SAO PAULO SP                05781130                                                            000014
100000 000000000000 00090345100325490REGTIT30823479793253     0002020000005900251400000000002N           2  02000590025128021900000000085000000000099N290518000000000000000060000000000000000000000000000000000000000000000100002160796409GRACIANE PEREIRA DE ARAUJO              RUA:JADE, N:570 PEDRA LINDA PETROLINA PE            56300000                                                            000015
100000 000000000000 00090345100325490REGTIT30824503948171     0002020000005957526300000000002N           2  02000595752616031900000000125000000000099N171118000000000000000080000000000000000000000000000000000000000000000100004579718518ISRAEL DOS SANTOS SOUZA                 RUA 13, 03 PROJETO N5 PETROLINA PE                  56300000                                                            000016
100000 000000000000 00090345100325490REGTIT30824927172536     0002020000005994120000000000002N           2  01000599412030041900000000150000000000099N200319000000000000000100000000000000000000000000000000000000000000000100077892186204ALDEMIRA PEREIRA ARAUJO                 VICINAL DO MIRO, S|N ZONA RURAL PACAJA P            68485000                                                            000017
100000 000000000000 00090345100325490REGTIT30825134985513     0002020000005975375700000000002N           2  02000597537515031900000000250000000000099N110119000000000000000170000000000000000000000000000000000000000000000100067851541387EDILZA VIEIRA DE SOUZA                  IRMAOS SORANGO, 396 RUA FRANKLIN DE MENE            66840395                                                            000018
100000 000000000000 00090345100325490REGTIT30825555870893     0002020000005987233000000000002N           2  02000598723310041900000000130000000000099N110319000000000000000090000000000000000000000000000000000000000000000100030877682860NOEMI SANCHES                           JOSÉ LUIS COVOLAN, 328 RESIDENCIAL FURLA            13450000                                                            000019
100000 000000000000 00090345100325490REGTIT30825585014348     0002020000005994103000000000002N           2  01000599410317041900000000180000000000099N200319000000000000000120000000000000000000000000000000000000000000000100053365208100ZILDA PEREIRA DA SILVA                  ILHA DO URUBU, S|N ZONA RURAL JACUNDA  P            68590000                                                            000020
100000 000000000000 00090345100325490REGTIT30825603064215     0002020000005957522000000000002N           2  02000595752210031900000000100000000000099N171118000000000000000070000000000000000000000000000000000000000000000100009910385414JEFFERSON CLEITON SOUZA DE AMORIM       RUA JOSE GINIVALDO NASCIMENTO, 70 JOAO D            56300000                                                            000021
100000 000000000000 00090345100325490REGTIT30825850359569     0002020000005994093P00000000002N           2  01000599409330041900000000175000000000099N200319000000000000000120000000000000000000000000000000000000000000000100095784500287MARISTELA ALVES DA SILVA                VILA CALANGO ASSADO, S|N ZONA RURAL JACU            68590000                                                            000022
100000 000000000000 00090345100325490REGTIT30826155200000     0002020000005968417800000000002N           2  02000596841715031900000000185000000000099N211218000000000000000120000000000000000000000000000000000000000000000100040157008215MARIA IZABEL MONTEIRO SOEIRO            BACURIZINHO (SALVATERRA), 000 MARAJO  BE            66886000                                                            000023
100000 000000000000 00090345100325490REGTIT30826363173797     0002020000005994097200000000002N           2  01000599409727041900000000408900000000099N200319000000000000000270000000000000000000000000000000000000000000000273373052000187SUPERZAMP                               DAVID TOWS, 1949 SITIO CERCADO CURITIBA             81910440                                                            000024
100000 000000000000 00090345100325490REGTIT30826434514890     0002020000005976353100000000002N           2  02000597635319021900000000032800000000099N190119000000000000000020000000000000000000000000000000000000000000000100001621024962LINDIOMAR PEDRO DE OLIVEIRA             BELA VISTA, 0 CENTRO OURIZONA PR                    87100000                                                            000025
100000 000000000000 00090345100325490REGTIT30826434514890     0002020000005976354P00000000002N           2  02000597635419031900000000032800000000099N190119000000000000000020000000000000000000000000000000000000000000000100001621024962LINDIOMAR PEDRO DE OLIVEIRA             BELA VISTA, 0 CENTRO OURIZONA PR                    87100000                                                            000026
100000 000000000000 00090345100325490REGTIT30826604474973     0002020000005937585P00000000002N           2  02000593758515031900000000058350000000099N150918000000000000000040000000000000000000000000000000000000000000000100014853442472GENIVALDO  CORDEIRO  DOS  SANTOS        AVENIDA  MARECHAL HERMEM DA  FONSECA, N             56300000                                                            000027
100000 000000000000 00090345100325490REGTIT30826644032945     0002020000005994084000000000002N           2  01000599408424041900000000166670000000099N200319000000000000000110000000000000000000000000000000000000000000000100031902588215MARIA NEIDE FERREIRA DE FRANÇA          VILA CALANGO ASSADO, S|N ZONA RURAL  JAC            68590000                                                            000028
100000 000000000000 00090345100325490REGTIT30826795882611     0002020000005994108100000000002N           2  01000599410810051900000000265000000000099N200319000000000000000180000000000000000000000000000000000000000000000100070437822281EVANDRO SILVA LIMA                      VILA DO URUBU, S|N JATOBA FERRADO II JAC            68590000                                                            000029
100000 000000000000 00090345100325490REGTIT30827019250363     0002020000005994098000000000002N           2  01000599409817041900000000140000000000099N200319000000000000000090000000000000000000000000000000000000000000000100036493554268LUCIENE COSTA GOMES PEREIRA             ILHA DO URUBU, s|n  FATOBA FERRADO II JA            68590000                                                            000030
100000 000000000000 00090345100325490REGTIT30827019250363     0002020000005994099900000000002N           2  01000599409917051900000000140000000000099N200319000000000000000090000000000000000000000000000000000000000000000100036493554268LUCIENE COSTA GOMES PEREIRA             ILHA DO URUBU, s|n  FATOBA FERRADO II JA            68590000                                                            000031
100000 000000000000 00090345100325490REGTIT30827323859276     0002020000005994104900000000002N           2  01000599410417041900000000095000000000099N200319000000000000000060000000000000000000000000000000000000000000000100014998173391SEBASTIÃO DA CONCEIÇÃO OLIVEIRA         VILA DO URUBU, S|N JATOBA FERRADO II JAC            68590000                                                            000032
100000 000000000000 00090345100325490REGTIT30827323859276     0002020000005994105700000000002N           2  01000599410517051900000000095000000000099N200319000000000000000060000000000000000000000000000000000000000000000100014998173391SEBASTIÃO DA CONCEIÇÃO OLIVEIRA         VILA DO URUBU, S|N JATOBA FERRADO II JAC            68590000                                                            000033
100000 000000000000 00090345100325490REGTIT30827614407738     0002020000005948600700000000002N           2  02000594860017031900000000075000000000099N231018000000000000000050000000000000000000000000000000000000000000000100004296975463HELENO BENICIO DE LIMA                  RUA: 05, 21 PROJETO N 03 PETROLINA PE               56300000                                                            000034
100000 000000000000 00090345100325490REGTIT30828494238692     0002020000005994124300000000002N           2  01000599412425041900000000133330000000099N200319000000000000000090000000000000000000000000000000000000000000000100096539240287KEILA ARAUJO BRANDÃO                    RODOVIA TRANSAMAZONICA, S|N ZONA RURAL              68485000                                                            000035
100000 000000000000 00090345100325490REGTIT30828495240112     0002020000005994127800000000002N           2  01000599412705051900000000125000000000099N200319000000000000000080000000000000000000000000000000000000000000000100004570012833MARINALDA DOS ANJOS SILVA               RODOVIA TRANSAMAZONICA, S|N KM 243 PACAJ            68485000                                                            000036
100000 000000000000 00090345100325490REGTIT30828541925375     0002020000005994131600000000002N           2  01000599413110041900000000215000000000099N200319000000000000000140000000000000000000000000000000000000000000000100074625055253SILVANA GOMES RODRIGUES                 RUA NICIAS RIBEIRO, 17 NOVO HORIZONTE  P            68485000                                                            000037
100000 000000000000 00090345100325490REGTIT30828541925375     0002020000005994132400000000002N           2  01000599413210051900000000215000000000099N200319000000000000000140000000000000000000000000000000000000000000000100074625055253SILVANA GOMES RODRIGUES                 RUA NICIAS RIBEIRO, 17 NOVO HORIZONTE  P            68485000                                                            000038
100000 000000000000 00090345100325490REGTIT30828710315517     0002020000005994090500000000002N           2  01000599409024041900000000100000000000099N200319000000000000000070000000000000000000000000000000000000000000000100079966411291BENTA FERREIRA DE FRANÇA                VILA CALANGO ASSADO, S|N ZONA RURAL  JAC            68590000                                                            000039
100000 000000000000 00090345100325490REGTIT30829955501378     0002020000005957726600000000002N           2  02000595772605031900000000211130000000099N191118000000000000000140000000000000000000000000000000000000000000000100084515635468EULINA DE ARAUJO BARROS                 RUA 01, 313 N3 PETROLINA PE                         56300000                                                            000040
9                                                                                                                                                                                                                                                                                                                                                                                                         000041