01REMESSA01COBRANCA       00000000000004972103WC SISTEMAS E EQUIPAMENTOS DE 237BRADESCO       190319        MX0002639                                                                                                                                                                                                                                                                                     000001
100000 000000000000 00090345100240370REGTIT26391903070070     0002020000005990625100000000002N           2  02190307007029031900000000099800000000099N130319000000000000000150000000000000000000000000000000000000000000000208021152000263CARLOS BORGES LARA ME                   AVENIDA ITAGUAI, 10                                 23933115                                                            000002
100000 000000000000 00090345100240370REGTIT263999872067545    0002020090005993914200000000002N           2  01998720675420031900000000369100000000099N190319000000000000000550000000000000000000000000000000000000000000000207680369000131ALFAIATARIA PACHECO LTDA                RUA 15, NUMERO  420 QD J 09 LT 19, SN               74140035                                                            000003
9                                                                                                                                                                                                                                                                                                                                                                                                         000004