01REMESSA01COBRANCA       00000000000004852239ISPCN                         237BRADESCO       040319        MX0002935                                                                                                                                                                                                                                                                                     000001
100000 000000000000 00090345100325490REGTIT29351138010041     0002020000005977443600000000002N           2  02000597744310021900000000500000000000099N250119000000000000000330000000000000000000000000000000000000000000000100039463478949JOAO BATISTA MARQUES SALDANHA           VEREADOR ORLANDO SANTANDER FRANCISCO, 30            83301048                                                            000002
100000 000000000000 00090345100325490REGTIT29351196051049     0002020000005949406900000000002N           2  01000594940601051900000000106250000000099N261018000000000000000070000000000000000000000000000000000000000000000100007629025408MARIA ALTANI DOS SANTOS MARINHO         RUA 42, N 34 LOTEAMENTO  GEOVANA PETROLI            56300000                                                            000003
100000 000000000000 00090345100325490REGTIT29351200723279     0002020000005930557600000000002N           2  02000593055703051900000000047720000000099N030918000000000000000030000000000000000000000000000000000000000000000100006348706966FABIANO DINIZ MAIA                      MARINGA, 336 CASA PLANTA ARACATUBA PIRAQ            83326070                                                            000004
100000 000000000000 00090345100325490REGTIT29351202200891     0002020000005930107400000000002N           2  01000593010701051900000000083750000000099N010918000000000000000060000000000000000000000000000000000000000000000100009849048409VIVIANE DOS SANTOS ALMEIDA              RUA EMA, 73 NOVA DESCOBERTA  PETROLINA              00000000                                                            000005
100000 000000000000 00090345100325490REGTIT29351221342310     0002020000005977708700000000002N           2  01000597770801051900000000100000000000099N290119000000000000000070000000000000000000000000000000000000000000000100014738635549EDINERIO JESUS DE SANTANA               PLACIDIO JOSE DE SANTANA, 110 CENTRO SAO            47820000                                                            000006
100000 000000000000 00090345100325490REGTIT29351340624747     0002020000005967285400000000002N           2  02000596728528021900000000200000000000099N151218000000000000000130000000000000000000000000000000000000000000000100039903378823JOHNNY SOUZA DA SILVA                   EUBEIA, 4729 VILA DO SOL SAO PAULO SP               04962170                                                            000007
100000 000000000000 00090345100325490REGTIT29351391324599     0002020000005977091000000000002N           2  02000597709104031900000000190000000000099N240119000000000000000130000000000000000000000000000000000000000000000100028992245149LUZIA FELIZADOS DA ROCHA                JADER BARBALHO, 2678 AGUA BOA (OUTEIRO)             66843650                                                            000008
100000 000000000000 00090345100325490REGTIT29351495789703     0002020000005986473700000000002N           2  01000598647315041900000000410000000000099N020319000000000000000270000000000000000000000000000000000000000000000100005877904825OSMAR ALVES DE SOUZA                    DA ALEGRIA, 55 VISTA ALEGRE SBO SP                  13450000                                                            000009
100000 000000000000 00090345100325490REGTIT29351734345758     0002020000005957632400000000002N           2  01000595763202051900000000108350000000099N191118000000000000000070000000000000000000000000000000000000000000000100013353223452MAIARA DOS SANTOS LIMA                  RUA 04, 07 VILA NOVA N8 PETROLINA PE                56300000                                                            000010
100000 000000000000 00090345100325490REGTIT29351873130425     0002020000005949944300000000002N           2  01000594994401051900000000266670000000099N311018000000000000000180000000000000000000000000000000000000000000000100053441354915MARLI TEREZINHA ALVES DE OLIVEIRA       GUILHERME RIBEIRO, 87 VILA SAO CRISTOVAO            83305410                                                            000011
100000 000000000000 00090345100325490REGTIT29351889254790     0002020000005821716900000000002N           2  01000582171601051900000000400000000000099N011117000000000000000670000000000000000000000000000000000000000000000100006319736135GABRIEL ROCHA DE SOUZA                  IRMÃ MARIA RITA LOUREIRO, 175 ARGEMIRO O            79750000                                                            000012
100000 000000000000 00090345100325490REGTIT29351934845468     0002020000005960380100000000002N           2  01000596038002051900000000060000000000099N051218000000000000000100000000000000000000000000000000000000000000000100004351761962JOSUE CORDEIRO LEITE DE MORAIS          ODIR GOMES DA ROCHA, 135 TATUQUARA CURIT            81470400                                                            000013
100000 000000000000 00090345100325490REGTIT29351943562159     0002020000005970254000000000002N           2  02000597025410021900000000043000000000099N100119000000000000000030000000000000000000000000000000000000000000000100006731415430GEANE HENRIQUE DA SILVA                 TRANSAMAZONICA QD 54 LT 06, S|N  QD 54 L            74970360                                                            000014
100000 000000000000 00090345100325490REGTIT29351951130827     0002020000005957888200000000002N           2  01000595788802051900000000131250000000099N211118000000000000000090000000000000000000000000000000000000000000000100009596647423JAILSON FLAVIO BARBOSA PAJEU            RUA C, 119 PROJETO N3 PETROLINA PE                  56300000                                                            000015
100000 000000000000 00090345100325490REGTIT29351952277024     0002020000005986485000000000002N           2  01000598648507041900000000052900000000099N020319000000000000000040000000000000000000000000000000000000000000000100004280969990CLEISON MOREIRA DE SOUZA                ARAXA, 364 CENTRO OURIZONA PR                       87170000                                                            000016
100000 000000000000 00090345100325490REGTIT29352047941726     0002020000005978373700000000002N           2  02000597837305031900000000072850000000099N040219000000000000000050000000000000000000000000000000000000000000000100055003400500NAMIR BARCELOIS BORGES DE SANTANA       QR 415 CONJ 17 CS, 30 NORTE SAMAMBAIA DF            72000000                                                            000017
100000 000000000000 00090345100325490REGTIT29352093250242     0002020000005986497400000000002N           2  01000598649710041900000000276200000000099N020319000000000000000180000000000000000000000000000000000000000000000100074434446487JOABE SEVERINO DA SILVA                 RUA DA LUA, 40 MONTANHAO SAO BERNARDO DO            09784545                                                            000018
100000 000000000000 00090345100325490REGTIT29352096607875     0002020000005968557300000000002N           2  02000596855724021900000000027400000000099N241218000000000000000020000000000000000000000000000000000000000000000100010245821910IRIS DE OLIVEIRA                        BELA VISTA, 0 CENTRO OURIZONA PR                    87170000                                                            000019
100000 000000000000 00090345100325490REGTIT29352139726748     0002020000005958487400000000002N           2  01000595848701051900000000471430000000099N231118000000000000000310000000000000000000000000000000000000000000000100035968842920IRACI MUHL                              ACESSO MARINS ZANON, 09 CASA  SITIO CERC            81910075                                                            000020
100000 000000000000 00090345100325490REGTIT29352149646282     0002020000005986500800000000002N           2  01000598650010041900000000250000000000099N020319000000000000000170000000000000000000000000000000000000000000000100042706038870THAISE FREITAS DE SILVA                 RUA DA COMUNIDADE, 48 MONTANHAO SAO BERN            09784145                                                            000021
100000 000000000000 00090345100325490REGTIT29352150973168     0002020000005986514800000000002N           2  01000598651423041900000000100000000000099N020319000000000000000070000000000000000000000000000000000000000000000100021880261871VIVIANE DE PAULA BARROS SILVA           BETA, 21 CERAMICA BL.2B AP.234.A JARDIM             06680109                                                            000022
100000 000000000000 00090345100325490REGTIT29352245217325     0002020000005950735700000000002N           2  02000595073505031900000000116670000000099N061118000000000000000080000000000000000000000000000000000000000000000100031155421434MARIA DE LOURDES DO NASCIMENTO          RUA DELFIM, N 10 LOTE PADRE CICERO PETRO            56300000                                                            000023
100000 000000000000 00090345100325490REGTIT29352262225399     0002020000005986027800000000002N           2  01000598602702051900000000210000000000099N260219000000000000000140000000000000000000000000000000000000000000000100019700625842JANETE GOMES DAS NEVES MACARI           QUINZE DE NOVEMBRO, 622 623 11 FIM 1127             13450044                                                            000024
100000 000000000000 00090345100325490REGTIT29352289930271     0002020000005950088300000000002N           2  02000595008810031900000000225000000000099N011118000000000000000150000000000000000000000000000000000000000000000100018126812249MARIA DA CONCEIÇÃO FERREIRA DIAS        DEODORO DA FONSECA, 1979 BRASILIA (OUTEI            66845440                                                            000025
100000 000000000000 00090345100325490REGTIT29352315058049     0002020000005960390900000000002N           2  01000596039002051900000000060000000000099N051218000000000000000100000000000000000000000000000000000000000000000100006032523977RAFAEL PINHEIRO SCHILIPACKE             SAO MAXIMILIANO M. KOUBI, 40 CAMPO LARGO            83091206                                                            000026
100000 000000000000 00090345100325490REGTIT29352405263806     0002020000005947319300000000002N           2  02000594731907031900000000100000000000099N131018000000000000000070000000000000000000000000000000000000000000000100054095000406FABIO  DE   SOUZA   LIMA                RUA  ANTONIA   VIEIRA  LIMA, N 87 JARDIM            56300000                                                            000027
100000 000000000000 00090345100325490REGTIT29352536348820     0002020000005986506700000000002N           2  01000598650602041900000000074750000000099N020319000000000000000050000000000000000000000000000000000000000000000100044623109852MICHELLE DESCANIO                       QUARENTA E DOIS, 24 CASA JD PAULISTA MON            13190000                                                            000028
100000 000000000000 00090345100325490REGTIT29352617993156     0002020000005986523700000000002N           2  01000598652307031900000004000000000000099N020319000000000000002670000000000000000000000000000000000000000000000100010542279851ABIGAIL ANASTACIO DE SOUZA              FIDERALINA GOMES DE ALMEIDA, 380 JARDIM             06784380                                                            000029
100000 000000000000 00090345100325490REGTIT29352651999091     0002020000005978077000000000002N           2  01000597807703051900000000095000000000099N310119000000000000000000000000000000000000000000000000000000000000000100062096796172PAULO MORAES CRUZ                       PALMIRO PAES DE BARROS, 1420 QDA 8  COND            78000000                                                            000030
100000 000000000000 00090345100325490REGTIT29352668260878     0002020000005950247900000000002N           2  01000595024701051900000000143750000000099N031118000000000000000100000000000000000000000000000000000000000000000100004056609446ANA  CLAUDIA  AQUINO  SANTOS            RUA  01  BLOCO  41 |AP, N 102 VIVENDAS P            56300000                                                            000031
100000 000000000000 00090345100325490REGTIT29352759471804     0002020000005956887900000000002N           2  02000595688706031900000000130000000000099N131118000000000000000090000000000000000000000000000000000000000000000100016793297821SONIA APARECIDA RODRIGUES NUNES DA SILVAPRESIDENTE ARTUR COSTA E SILVA, 16 31 DE            13450000                                                            000032
100000 000000000000 00090345100325490REGTIT29352770755406     0002020000005821607300000000002N           2  01000582160701051900000000550000000000099N011117000000000000000370000000000000000000000000000000000000000000000100003819799974EDEMAR SPRADA                           JOSE TAVARES DA ROSA, 143 JARDIM CABIROB            83414340                                                            000033
100000 000000000000 00090345100325490REGTIT29352786043613     0002020000005979016400000000002N           2  02000597901605031900000000080000000000099N080219000000000000000050000000000000000000000000000000000000000000000100023864491819JOSUE ROBERT                            MUNIQUE, 46 VILA ENGENHO NOVO BARUERI SP            06416140                                                            000034
100000 000000000000 00090345100325490REGTIT29352823986220     0002020000005956767800000000002N           2  01000595676703051900000000141670000000099N121118000000000000000090000000000000000000000000000000000000000000000100004769106416EVA ALVES PEREIRA                       RUA JUPIA, 120 JOSE MARIA  PETROLINA  PE            56300000                                                            000035
100000 000000000000 00090345100325490REGTIT29352864553145     0002020000005949360700000000002N           2  01000594936001051900000000350000000000099N261018000000000000000230000000000000000000000000000000000000000000000221532439000135A.M. REFRIGERAÇAO E ASSISTENCIA TECNICA BR 116 KM 112, 29555 TATUQUARA CURITIBA             81690500                                                            000036
100000 000000000000 00090345100325490REGTIT29352869247003     0002020000005977850400000000002N           2  01000597785001051900000000200000000000099N290119000000000000000130000000000000000000000000000000000000000000000100075272210034LUCIVAL DE ARAUJO ROSA                  RUA SANTA URSULA, 216 CASA SAO TOME‰ VIA            94460350                                                            000037
100000 000000000000 00090345100325490REGTIT29352881648134     0002020000005986504000000000002N           2  01000598650402041900000000106410000000099N020319000000000000000070000000000000000000000000000000000000000000000100018467336854FRANCISCO DE ASSIS PONTES               FOZ DO IGUACU, 282 JD V VELHO ITAPECERIC            06856860                                                            000038
100000 000000000000 00090345100325490REGTIT29352975034167     0002020000005977704400000000002N           2  01000597770401051900000000062500000000099N290119000000000000000040000000000000000000000000000000000000000000000100003171162580LUCIANA  R. DA CRUZ                     POVOADO FURQUIRLA, S|N CENTRO SAO DESIDE            47820000                                                            000039
100000 000000000000 00090345100325490REGTIT29353043317376     0002020000005956706600000000002N           2  02000595670620021900000000220000000000099N121118000000000000000150000000000000000000000000000000000000000000000100035618345234MARCIO ANTONIO LEITE DE SOUZA           MONSENHOR AZEVEDO, 834 B CAMPINA DE ICOA            66813640                                                            000040
100000 000000000000 00090345100325490REGTIT29353052051203     0002020000005968429100000000002N           2  02000596842915021900000000034690000000099N221218000000000000000020000000000000000000000000000000000000000000000100011815988932RAPHAELA DOS SANTOS CAVICHIO            CAMPO GRANDE, 1131 CENTRO OURIZONA PR               87170000                                                            000041
100000 000000000000 00090345100325490REGTIT29353067878066     0002020000005986491500000000002N           2  01000598649115041900000000100000000000099N020319000000000000000070000000000000000000000000000000000000000000000100004313764259ELISANGELA CARNEIRO DOS SANTOS          NINA, 13 MARAMBAIA BELEM  PA                        66010010                                                            000042
100000 000000000000 00090345100325490REGTIT29353110476984     0002020000005966973P00000000002N           2  02000596697313031900000000096470000000099N131218000000000000000060000000000000000000000000000000000000000000000100001655109944IRACI CORREA PEREIRA                    ANTONIO,, 926 CAAS CENTRO RONCADOR PR               87320000                                                            000043
100000 000000000000 00090345100325490REGTIT29353117388391     0002020000005977975600000000002N           2  01000597797502051900000000060000000000099N300119000000000000000040000000000000000000000000000000000000000000000100003945971500MARIA DE FATIMA PEREIRA DA ROCHA        MORADA NOBRE, 312 CENTRO FORMOSA DO RIO             47990000                                                            000044
100000 000000000000 00090345100325490REGTIT29353122474679     0002020000005940194P00000000002N           2  01000594019403051900000000140000000000099N011018000000000000000190000000000000000000000000000000000000000000000100000373434162ROGERIO DA SILVA MENDOCA                8,  QD  QD 06 LT 13 SETOR MARISTA SUL AP            74971070                                                            000045
100000 000000000000 00090345100325490REGTIT29353190516171     0002020000005978197100000000002N           2  01000597819701051900000000125000000000099N010219000000000000000080000000000000000000000000000000000000000000000100008390421593GILVANIA VIEIRA DA CONCEICAO            CAMPO GRANDE, S|N CENTRO SAO DESIDERIO B            47820000                                                            000046
100000 000000000000 00090345100325490REGTIT29353193766342     0002020000005969281200000000002N           2  01000596928102051900000000100000000000099N020119000000000000000070000000000000000000000000000000000000000000000100001409226522DAVINA LAILA MOREIRA S. DOS REIS        PIAUI, 1044 CENTRO FORMOSA DO RIO PRETO             47990000                                                            000047
100000 000000000000 00090345100325490REGTIT29353346569687     0002020000005986529600000000002N           2  01000598652915031900000000245000000000099N020319000000000000000160000000000000000000000000000000000000000000000100026770868830IVAN MORAES BAADE                       VELCY BOLIVAR GRANDO, 425 SB 09 UBERABA             81590615                                                            000048
100000 000000000000 00090345100325490REGTIT29353432193245     0002020000005986530P00000000002N           2  01000598653020021900000000100000000000099N040319000000000000000070000000000000000000000000000000000000000000000100040628067895AILA MAIANE SOUSA CRUZ                  RESENDE (VL S PEDRO), 02 MONTANHAO SAO B            09784435                                                            000049
100000 000000000000 00090345100325490REGTIT29353432193245     0002020000005986531800000000002N           2  01000598653120031900000000100000000000099N040319000000000000000070000000000000000000000000000000000000000000000100040628067895AILA MAIANE SOUSA CRUZ                  RESENDE (VL S PEDRO), 02 MONTANHAO SAO B            09784435                                                            000050
100000 000000000000 00090345100325490REGTIT29353446290968     0002020000005986482600000000002N           2  01000598648202041900000000134000000000099N020319000000000000000090000000000000000000000000000000000000000000000100085537616149JOSE CLAUDECIALDO CASSIANO              QR 221 CONJ 04, 36 NORTE BRASILIA DF                72000000                                                            000051
100000 000000000000 00090345100325490REGTIT29353446290968     0002020000005986483400000000002N           2  01000598648302051900000000134000000000099N020319000000000000000090000000000000000000000000000000000000000000000100085537616149JOSE CLAUDECIALDO CASSIANO              QR 221 CONJ 04, 36 NORTE BRASILIA DF                72000000                                                            000052
100000 000000000000 00090345100325490REGTIT29353463240613     0002020000005960137P00000000002N           2  02000596013722021900000000247500000000099N031218000000000000000170000000000000000000000000000000000000000000000100001556999038GISIANE SABIO DE MATTOS                 CARLOS NOBRE, 492 CENTRO GUAIBA RS                  92500000                                                            000053
100000 000000000000 00090345100325490REGTIT29353482919711     0002020000005957465800000000002N           2  02000595746516021900000000046560000000099N161118000000000000000030000000000000000000000000000000000000000000000100097167487953MARCELENE DE OLIVEIRA PEDRO             BELA VISTA, 00 CENTRO OURIZONA PR                   87170000                                                            000054
100000 000000000000 00090345100325490REGTIT29353482919711     0002020000005957466600000000002N           2  02000595746616031900000000046560000000099N161118000000000000000030000000000000000000000000000000000000000000000100097167487953MARCELENE DE OLIVEIRA PEDRO             BELA VISTA, 00 CENTRO OURIZONA PR                   87170000                                                            000055
100000 000000000000 00090345100325490REGTIT29353716521660     0002020000005946624300000000002N           2  02000594662410031900000000045140000000099N091018000000000000000030000000000000000000000000000000000000000000000100005456490994SUELLEN JOSIANE ROJO                    BOCAIUVA, 674 CENTRO OURIZONA PR                    87170000                                                            000056
100000 000000000000 00090345100325490REGTIT29353823179283     0002020000005947296000000000002N           2  01000594729603051900000000100000000000099N131018000000000000000070000000000000000000000000000000000000000000000100024403466591PAULO ROBERTO CARVALHO                  TRAVESSA MATA-TU, 80 ALTO DA MARAVILHA P            56300000                                                            000057
100000 000000000000 00090345100325490REGTIT29354200155590     0002020000005930267400000000002N           2  01000593026702051900000000252000000000099N030918000000000000000170000000000000000000000000000000000000000000000100046833052832MATHEUS CAMARGO DOS REIS                DA BELEZA, 237 JARDIM VISTA ALEGRE SANTA            13458593                                                            000058
100000 000000000000 00090345100325490REGTIT29354314826896     0002020000005930157000000000002N           2  01000593015701051900000000065000000000099N010918000000000000000040000000000000000000000000000000000000000000000100007678213433POLIANA  DE  SOUZA  SANTOS              RUA  C, N 120 PROJETO  N3 PETROLINA PE              56300000                                                            000059
100000 000000000000 00090345100325490REGTIT29354320401110     0002020000005976620400000000002N           2  02000597662005021900000000433260000000099N220119000000000000000290000000000000000000000000000000000000000000000100006827917924JULIANA REGILAINE DA SILVA              ARAXA, 574 CENTRO OURIZONA PR                       87170000                                                            000060
100000 000000000000 00090345100325490REGTIT29354322838613     0002020000005977409600000000002N           2  01000597740903051900000000290250000000099N240119000000000000000190000000000000000000000000000000000000000000000100027056034845TATIANE CRISTINA GUERREIRO CRISPIM      PAULO AYRES, 75 PARQUE PINHEIROS TABOAO             06767220                                                            000061
100000 000000000000 00090345100325490REGTIT29354325185413     0002020000005969248000000000002N           2  01000596924802051900000000500000000000099N020119000000000000000330000000000000000000000000000000000000000000000100002439525979ALESSSANDRO ANTONIO RODRIGUES DA SILVA  BELA VISTA DO IPE, 570 VILA FELIZ ALMIRA            83505410                                                            000062
100000 000000000000 00090345100325490REGTIT29354377207097     0002020000005966113500000000002N           2  02000596611320021900000000041600000000099N081218000000000000000030000000000000000000000000000000000000000000000100004057824979HELENA DE OLIVEIRA PEDRO                DEOCLECIO BEZERRA, 61 CENTRO OURIZONA PR            87170000                                                            000063
100000 000000000000 00090345100325490REGTIT29354377207097     0002020000005966114300000000002N           2  02000596611420031900000000041600000000099N081218000000000000000030000000000000000000000000000000000000000000000100004057824979HELENA DE OLIVEIRA PEDRO                DEOCLECIO BEZERRA, 61 CENTRO OURIZONA PR            87170000                                                            000064
100000 000000000000 00090345100325490REGTIT29354378781980     0002020000005978278100000000002N           2  01000597827802051900000000112500000000099N020219000000000000000080000000000000000000000000000000000000000000000100000580455114NELCELI LIMA DOS SANTOS                 RUA IPE QD 22 LOTE 09 MORADA DO SOL, 09             77270000                                                            000065
100000 000000000000 00090345100325490REGTIT29354496087386     0002020000005977860100000000002N           2  02000597786002031900000000059900000000099N300119000000000000000040000000000000000000000000000000000000000000000100002000716962MARIA VICENTE BARBOSA                   QUADRA 2 LOTE 13, LOTE13 BAIXADA DA AREI            87170000                                                            000066
100000 000000000000 00090345100325490REGTIT29354500052937     0002020000005986525300000000002N           2  01000598652510041900000000048070000000099N020319000000000000000030000000000000000000000000000000000000000000000100009154489989WESLEI RAFAEL LOPES DE FARIAS           ARAXA, 541 CENTRO OURIZONA PR                       87170000                                                            000067
100000 000000000000 00090345100325490REGTIT29354636844433     0002020000005976492900000000002N           2  01000597649201051900000000270000000000099N210119000000000000000180000000000000000000000000000000000000000000000100037564791888TAINA KRYSIA G TEIXEIRA                 OSORIO DUQUE ESTRADA, 647 JD BATIGIM SBO            13450000                                                            000068
100000 000000000000 00090345100325490REGTIT29354685089149     0002020000005950240100000000002N           2  01000595024001051900000000071430000000099N031118000000000000000050000000000000000000000000000000000000000000000100009714065372RAIMUNDO ALFREDO DOS REIS               RUA G, N 38 PROJETO N 4 PETROLINA PE                56300000                                                            000069
100000 000000000000 00090345100325490REGTIT29354800635758     0002020000005986524500000000002N           2  01000598652408031900000001803910000000099N020319000000000000001200000000000000000000000000000000000000000000000100002525352432JOSÉ AUDEJAM ARAÚJO                     ARGENTINA, 310 JARDIM DOS MORAES EMBU SP            06814210                                                            000070
100000 000000000000 00090345100325490REGTIT29354833018005     0002020000005977163100000000002N           2  01000597716301051900000000055000000000099N240119000000000000000090000000000000000000000000000000000000000000000100005562454904JOSUÉ DE PROENÇA MARTINS                JOSE IVAHI CAMARGO, 590 PEDRO MORO SAO J            83020230                                                            000071
100000 000000000000 00090345100325490REGTIT29354865845822     0002020000005947671000000000002N           2  01000594767103051900000000180000000000099N161018000000000000000120000000000000000000000000000000000000000000000100034159970818ROSEMEIRE DE JESUS SANTOS               DOUTOR DIB GEBARA, 365 JARDIM IRACEMA SA            05790230                                                            000072
100000 000000000000 00090345100325490REGTIT29354993972666     0002020000005969332000000000002N           2  01000596933203051900000000240000000000099N030119000000000000000160000000000000000000000000000000000000000000000100004183049555ALISON COSTA SANTOS                     DOZE, 361 JARDIM DOS LAGOS NOVA ODESSA S            13386164                                                            000073
100000 000000000000 00090345100325490REGTIT29355099489167     0002020000005965850900000000002N           2  02000596585005031900000000100000000000099N071218000000000000000070000000000000000000000000000000000000000000000100017107784234NORZILA DOS ANJOS MORAIS                SIQUEIRA MENDES, 1487 CRUZEIRO (ICOARACI            66810050                                                            000074
100000 000000000000 00090345100325490REGTIT29355110508273     0002020000005957681200000000002N           2  02000595768128021900000000276000000000099N191118000000000000000180000000000000000000000000000000000000000000000100044895119300MARIA DA CONCEIÇÃO APRIGIO              PRESIDENTE GETULIO VARGAS, 703 TAPANA (I            66825060                                                            000075
100000 000000000000 00090345100325490REGTIT29355128362373     0002020000005977510600000000002N           2  02000597751026031900000000042500000000099N260119000000000000000030000000000000000000000000000000000000000000000100062153706904NATALICE SALES DE OLIVEIRA              EUCLIDES DA CUNHA, 560 CENTRO OURIZONA P            87170000                                                            000076
100000 000000000000 00090345100325490REGTIT29355136591655     0002020000005960590100000000002N           2  01000596059002051900000000040000000000099N051218000000000000000070000000000000000000000000000000000000000000000100000346643945MARCIEL ALVES TEIXEIRA                  ALFREDO MULHSTED FILHO, 1031 VILA INA SA            83065030                                                            000077
100000 000000000000 00090345100325490REGTIT29355149663181     0002020000005968449600000000002N           2  02000596844920021900000000363000000000099N221218000000000000000240000000000000000000000000000000000000000000000100036264944890MARIA DE FATIMA DA SILVA                LEONARDO PISKA, 62 APTO 2 COSTEIRA ARAUC            83709060                                                            000078
100000 000000000000 00090345100325490REGTIT29355153263720     0002020000005951258P00000000002N           2  01000595125801051900000000100000000000099N081118000000000000000070000000000000000000000000000000000000000000000100007499837440SANAIDE ARAUJO SILVA SANTOS             RUA:CURRUPIÃO, N:98 PEDRA LINDA PETROLIN            56300000                                                            000079
100000 000000000000 00090345100325490REGTIT29355166415981     0002020000005977722200000000002N           2  01000597772201051900000000125000000000099N290119000000000000000080000000000000000000000000000000000000000000000100008390421593GILVANIA VIEIRA DA CONCEICAO            CAMPO GRANDE, S|N CENTRO SAO DESIDERIO B            47820000                                                            000080
100000 000000000000 00090345100325490REGTIT29355174942186     0002020000005956560800000000002N           2  02000595656005031900000000270000000000099N101118000000000000000180000000000000000000000000000000000000000000000100010882596268MARIA DAS DORES DOS SANTOS RODRIGUES    BRASILIA _ PASS. SÃO JORGE, 139 ICOARACI            06682268                                                            000081
100000 000000000000 00090345100325490REGTIT29355242859774     0002020000005978117300000000002N           2  01000597811701051900000000237000000000099N010219000000000000000160000000000000000000000000000000000000000000000100047867077839BEATRIZ CARMO DA SILVA                  LAZARO GONCALVES DE OLIVEIRA - BL B AP 5            13458626                                                            000082
100000 000000000000 00090345100325490REGTIT29355292432821     0002020000005950631800000000002N           2  01000595063103051900000000107150000000099N061118000000000000000070000000000000000000000000000000000000000000000100090100301487CICERA SOARES DE LIMA                   RUA 13, S|N VILA NOVA PROJETO N8 PETROLI            56300000                                                            000083
100000 000000000000 00090345100325490REGTIT29355374300972     0002020000005970048300000000002N           2  02000597004809021900000000257000000000099N090119000000000000000340000000000000000000000000000000000000000000000100004181331156DIOGO BATISTA DA SILVA                  69, 0 Q K56 LT 10 INDEPENDENCIA APARECID            74966330                                                            000084
100000 000000000000 00090345100325490REGTIT29355395330939     0002020000005960354200000000002N           2  01000596035402051900000000080000000000099N051218000000000000000130000000000000000000000000000000000000000000000100099665085972ANDREIA PAULA ALVES CORDEIRO FRANCO     SETE DE SETEMBRO, 701 CENTRO SAO JOSE DO            84130000                                                            000085
100000 000000000000 00090345100325490REGTIT29355449629148     0002020000005978028200000000002N           2  02000597802803031900000000074400000000099N310119000000000000000050000000000000000000000000000000000000000000000100001655109944IRACI CORREA PEREIRA                    ANTONIO,, 926 CAAS CENTRO RONCADOR PR               87320000                                                            000086
100000 000000000000 00090345100325490REGTIT29355449629148     0002020000005978030400000000002N           2  01000597803003051900000000074400000000099N310119000000000000000050000000000000000000000000000000000000000000000100001655109944IRACI CORREA PEREIRA                    ANTONIO,, 926 CAAS CENTRO RONCADOR PR               87320000                                                            000087
100000 000000000000 00090345100325490REGTIT29355490380653     0002020000005977718400000000002N           2  01000597771801051900000000100000000000099N290119000000000000000070000000000000000000000000000000000000000000000100059237236549MARIA ELISABETE GOMES  DOS SANTOS       ABADIAS R. SOUZA, S|N CENTRO SAO DESIDER            47820000                                                            000088
100000 000000000000 00090345100325490REGTIT29355507542971     0002020000005978282P00000000002N           2  01000597828202051900000000090000000000099N020219000000000000000060000000000000000000000000000000000000000000000100036660062807DILMA FERREIRA DE SANTANA               RUA 19, 45 CASA ALVORADA MONTE MOR SP               13190000                                                            000089
100000 000000000000 00090345100325490REGTIT29355628522038     0002020000005977176300000000002N           2  01000597717601051900000000060000000000099N240119000000000000000100000000000000000000000000000000000000000000000100089638859687ALESSANDRO TAVARES PINTO                IRENE MAGNUSKEI KOLAKOWSKI, 510 AFONSO P            83045706                                                            000090
100000 000000000000 00090345100325490REGTIT29355664551506     0002020000005918123000000000002N           2  01000591812303051900000000210000000000099N190718000000000000000140000000000000000000000000000000000000000000000100093540981934CELINA TEODORO                          ILDA  CARLETE, 02 CASA CENTRO BANDEIRANT            86360000                                                            000091
100000 000000000000 00090345100325490REGTIT29355729910255     0002020000005969503P00000000002N           2  02000596950310021900000000042830000000099N050119000000000000000030000000000000000000000000000000000000000000000100050776134949REGINA MARIA VIEIRA                     BELA VISTA, 0 CENTRO OURIZONA PR                    87170000                                                            000092
100000 000000000000 00090345100325490REGTIT29355730052172     0002020000005977199200000000002N           2  01000597719901051900000000036000000000099N240119000000000000000060000000000000000000000000000000000000000000000100002145701931JAIR MOISÉS FOGAÇA                      ALIFRANCE CELESTINO DA SILVA, 66 QUISSIS            81850000                                                            000093
100000 000000000000 00090345100325490REGTIT29355752550524     0002020000005966729P00000000002N           2  02000596672905031900000000176000000000099N121218000000000000000120000000000000000000000000000000000000000000000100000012251208ELAINE DO CARMO SOARES BRITO            NATAL, 3 TAPANA (ICOARACI) BELEM PA                 66825330                                                            000094
100000 000000000000 00090345100325490REGTIT29355859085991     0002020000005960342900000000002N           2  01000596034202051900000000060000000000099N051218000000000000000100000000000000000000000000000000000000000000000100007489699932ANNE C. S. RODRIGUES                    JOAO BATISTA MANZOQUE, 171 AP 301 BOM JE            83025180                                                            000095
100000 000000000000 00090345100325490REGTIT29355869398129     0002020000005928941400000000002N           2  01000592894101051900000000155000000000099N270818000000000000000100000000000000000000000000000000000000000000000100004281165401MARIA INACIA DA SILVA                   RUA BARAUNA, 231 SAO GONCALO PETROLINA P            56300000                                                            000096
100000 000000000000 00090345100325490REGTIT29355882065006     0002020000005978096700000000002N           2  01000597809603051900000000571800000000099N310119000000000000000380000000000000000000000000000000000000000000000100003443931944SILVIA DOS SANTOS                       ELOINA RIBAS BASTOS, 218 CASA COSTEIRA S            83015160                                                            000097
100000 000000000000 00090345100325490REGTIT29355940263966     0002020000005931797300000000002N           2  01000593179701051900000000100000000000099N110918000000000000000070000000000000000000000000000000000000000000000100062405896400VERA LUCIA DOS SANTOS GONZAGA           RUA DA ESPERANCA, 116 AP 4 VILA MOCO  PE            56300000                                                            000098
100000 000000000000 00090345100325490REGTIT29355952159095     0002020000005968321P00000000002N           2  02000596832110031900000000038960000000099N211218000000000000000030000000000000000000000000000000000000000000000100010102971986CAMILA DOS SANTOS FERBONI               MACHADO DE ASSIS, 923 CENTRO OURIZONA PR            87170000                                                            000099
100000 000000000000 00090345100325490REGTIT29355970382077     0002020000005966826100000000002N           2  01000596682601051900000001220000000000099N121218000000000000000810000000000000000000000000000000000000000000000100028008768835DOUGLAS ALEXANDRE SILVÉRIO              PLINIO MARCOS, 63 JARDIM SAINT MORITZ TA            05787590                                                            000100
100000 000000000000 00090345100325490REGTIT29356044255929     0002020000005959916200000000002N           2  02000595991603021900000000059790000000099N011218000000000000000040000000000000000000000000000000000000000000000100005704841970VANESSA RIBEIRO OMENA                   RUA GUATEMALA, 326 CENTRO OURIZONA PR               87170000                                                            000101
100000 000000000000 00090345100325490REGTIT29356044255929     0002020000005959919700000000002N           2  01000595991903051900000000059790000000099N011218000000000000000040000000000000000000000000000000000000000000000100005704841970VANESSA RIBEIRO OMENA                   RUA GUATEMALA, 326 CENTRO OURIZONA PR               87170000                                                            000102
100000 000000000000 00090345100325490REGTIT29356080420369     0002020000005979012100000000002N           2  02000597901205031900000000376670000000099N080219000000000000000250000000000000000000000000000000000000000000000100023915982890STEPHANIE MILORD                        CAPITAO FRANCISCO CEZAR, 1496 VILA PINDO            06415000                                                            000103
100000 000000000000 00090345100325490REGTIT29356103792447     0002020000005969388600000000002N           2  01000596938801051900000000600000000000099N040119000000000000000400000000000000000000000000000000000000000000000100001294765108CAMILA  DA SILVA BRAND                  EMANOEL PINHEIRO, 02 RUA G Q 19 RESIDENC            78055799                                                            000104
100000 000000000000 00090345100325490REGTIT29356147934703     0002020000005840120200000000002N           2  01000584012001051900000000280000000000099N121217000000000000000190000000000000000000000000000000000000000000000100030142653810JOSE LUIS NONATO DE JESUS               RUA ENGENHO NOVO, 120 JD RECORDE  TABOAO            06783190                                                            000105
100000 000000000000 00090345100325490REGTIT29356182170415     0002020000005986369200000000002N           2  02000598636901031900000000482840000000099N280219000000000000000320000000000000000000000000000000000000000000000100023054064875VINICIUS JOSÉ DE PAULA                  DA CONSTANTINOPLA, 449 JARDIM MARINA  EM            06826000                                                            000106
100000 000000000000 00090345100325490REGTIT29356185046252     0002020000005929798000000000002N           2  02000592979804031900000000075000000000099N300818000000000000000050000000000000000000000000000000000000000000000100038652633487FRANCISCA  MARIA  DE  MACEDO            RUA  E, N 56 VALE GRANDE  RIO PETROLINA             56300000                                                            000107
100000 000000000000 00090345100325490REGTIT29356193105710     0002020000005969625700000000002N           2  02000596962528021900000000135000000000099N070119000000000000000090000000000000000000000000000000000000000000000100003047856281SUZIANE RAFAELA DA SILVA DO ROSARIO     FREDERICO HOSANA, 1293 D AGULHA (ICOARAC            66811210                                                            000108
100000 000000000000 00090345100325490REGTIT29356245664788     0002020000005950018200000000002N           2  02000595001801031900000000108330000000099N311018000000000000000070000000000000000000000000000000000000000000000100070340719427VITORIA  WILLIANE   SALES  LOPES        RUA  DA  PERCEVERANÇA, N 10 DOM  AVELAR             56300000                                                            000109
100000 000000000000 00090345100325490REGTIT29356245664788     0002020000005950020400000000002N           2  01000595002001051900000000108350000000099N311018000000000000000070000000000000000000000000000000000000000000000100070340719427VITORIA  WILLIANE   SALES  LOPES        RUA  DA  PERCEVERANÇA, N 10 DOM  AVELAR             56300000                                                            000110
100000 000000000000 00090345100325490REGTIT29356256835518     0002020000005968873400000000002N           2  01000596887301051900000000150000000000099N271218000000000000000100000000000000000000000000000000000000000000000100002862926299JHULIA CAROLINE E SILVA BATISTA         TRAVESSA MANOEL SIQUEIRA, 28 AGUA BOA (O            66843490                                                            000111
100000 000000000000 00090345100325490REGTIT29356398806220     0002020000005930781100000000002N           2  01000593078101051900000000090000000000099N040918000000000000000060000000000000000000000000000000000000000000000100037603124549DOMINGOS DIAS                           QUADRA I, 08 PROJETO N 09 PETROLINA PE              56300000                                                            000112
100000 000000000000 00090345100325490REGTIT29356465606151     0002020000005899111500000000002N           2  02000589911126021900000000063310000000099N220518000000000000000040000000000000000000000000000000000000000000000100084730765915SUELI APARECIDA MULATI DRAGUNSKI        BELA VISTA, 1194 CASA CENTRO OURIZONA PR            87170000                                                            000113
100000 000000000000 00090345100325490REGTIT29356476862517     0002020000005920142800000000002N           2  01000592014201051900000000080000000000099N020818000000000000000050000000000000000000000000000000000000000000000100008786210912JOAO VICTOR DE OLIVEIRA                 DAS INDUSTRIAS, 1455 CASA EUCALIPTOS FAZ            83820332                                                            000114
100000 000000000000 00090345100325490REGTIT29356492530918     0002020000005950743800000000002N           2  01000595074303051900000000071670000000099N061118000000000000000050000000000000000000000000000000000000000000000100006679506484MARIA DAS DORES DA SILVA                RUA 11, 155 JOAO DE DEUS PETROLINA PE               56300000                                                            000115
100000 000000000000 00090345100325490REGTIT29356526473350     0002020000005919341700000000002N           2  01000591934102051900000000147000000000099N280718000000000000000100000000000000000000000000000000000000000000000100034972070803ALEX ISIDORO                            LUIS GONZAGA FREIRE, 258 JARDIM HELGA SA            05794330                                                            000116
100000 000000000000 00090345100325490REGTIT29356561076512     0002020000005958943400000000002N           2  01000595894303051900000000387060000000099N261118000000000000000260000000000000000000000000000000000000000000000100070639350119FRANCILANE DA SILVA MACEDO              30 LOTE, 12 JARDIM DA BARRAGEM IV AGUAS             72920292                                                            000117
100000 000000000000 00090345100325490REGTIT29356732245989     0002020000005960365800000000002N           2  01000596036502051900000000080000000000099N051218000000000000000130000000000000000000000000000000000000000000000100099665085972ANDREIA PAULA ALVES CORDEIRO FRANCO     SETE DE SETEMBRO, 701 CENTRO SAO JOSE DO            84130000                                                            000118
100000 000000000000 00090345100325490REGTIT29356789416207     0002020000005978081900000000002N           2  01000597808102051900000000196000000000099N310119000000000000000130000000000000000000000000000000000000000000000100029552273234NALVA DO SOCORRO SOUZA DA SILVA         TRAVESSA SAO ROQUE, 974 CRUZEIRO BELEM P            66810020                                                            000119
100000 000000000000 00090345100325490REGTIT29356824625726     0002020000005928103000000000002N           2  02000592810328021900000000083750000000099N220818000000000000000060000000000000000000000000000000000000000000000100007498341450GEISA  DANIELA  LIMA  DOS  SANTOS       RUA   DO  SITIO, N 250 PORTO  DE  PALHA             56300000                                                            000120
100000 000000000000 00090345100325490REGTIT29357017093996     0002020000005986465600000000002N           2  01000598646502041900000000116670000000099N020319000000000000000080000000000000000000000000000000000000000000000100038022753220ANTONIO SILVA DA SILVA                  PA 151 VILA DO VASCO, S|N VASCO ABAETETU            68440000                                                            000121
100000 000000000000 00090345100325490REGTIT29357017093996     0002020000005986466400000000002N           2  01000598646602051900000000116670000000099N020319000000000000000080000000000000000000000000000000000000000000000100038022753220ANTONIO SILVA DA SILVA                  PA 151 VILA DO VASCO, S|N VASCO ABAETETU            68440000                                                            000122
100000 000000000000 00090345100325490REGTIT29357034954606     0002020000005887359700000000002N           2  02000588735920031900000000500000000000099N180418000000000000000330000000000000000000000000000000000000000000000100032185850822MARIANA AMARAL RODRIGUES BARBOSA        LIRA PAULISTA, 41 JARDIM BOM REFUGIO SAO            05788320                                                            000123
100000 000000000000 00090345100325490REGTIT29357034954606     0002020000005887360000000000002N           2  02000588736020041900000000500000000000099N180418000000000000000330000000000000000000000000000000000000000000000100032185850822MARIANA AMARAL RODRIGUES BARBOSA        LIRA PAULISTA, 41 JARDIM BOM REFUGIO SAO            05788320                                                            000124
100000 000000000000 00090345100325490REGTIT29357210859060     0002020000005959640600000000002N           2  02000595964007021900000000175000000000099N301118000000000000000120000000000000000000000000000000000000000000000100004761605960LUCAS BALAN                             EQUADOR, 117 JARDIM VITORIA CAMBE PR                86182135                                                            000125
100000 000000000000 00090345100325490REGTIT29357245700582     0002020000005950061100000000002N           2  01000595006101051900000000083350000000099N311018000000000000000060000000000000000000000000000000000000000000000100009977467420ANA CLAUDIA DE CARVALHO                 RUA: DA FELICIDADE, 14 DOM AVELAR PETROL            56300000                                                            000126
100000 000000000000 00090345100325490REGTIT29357333028175     0002020000005957506900000000002N           2  01000595750601051900000000148000000000099N161118000000000000000100000000000000000000000000000000000000000000000100000567071189ELISANGELA SILVA DA COSTA               DOIS, 44 CS 09 JARDIM UMUARAMA CUIABA MT            78058585                                                            000127
100000 000000000000 00090345100325490REGTIT29357333400924     0002020000005957395300000000002N           2  01000595739501051900000000100000000000099N161118000000000000000070000000000000000000000000000000000000000000000100022657339468LUCIA MARIA ALVES DA SILVA              RUA JASMIM MANGA, 381 NOVA VIDA 1 PETROL            56300000                                                            000128
100000 000000000000 00090345100325490REGTIT29357352078722     0002020000005977209300000000002N           2  01000597720902051900000000055000000000099N240119000000000000000090000000000000000000000000000000000000000000000100031393407889JENIFER SILVA DE OLIVEIRA               JOAQUIM FERREIRA CLAUDINO, 1164 CRUZEIRO            83010420                                                            000129
100000 000000000000 00090345100325490REGTIT29357430082733     0002020000005751003200000000002N           2  01000575100301051900000000430000000000099N010617000000000000000290000000000000000000000000000000000000000000000100044309961134FRANCISCA ROBERTO SANTOS SOUSA          Q 39 LOTE 27, 27 OURO VERDE VENDINHA DF             72715040                                                            000130
100000 000000000000 00090345100325490REGTIT29357548653971     0002020000005986490700000000002N           2  01000598649018031900000000114500000000099N020319000000000000000080000000000000000000000000000000000000000000000216764331000138MERCADO DANIELE                         ALFREDO DE SOUZA, 15 GUARITUBA PIRAQUARA            83311306                                                            000131
100000 000000000000 00090345100325490REGTIT29357550463357     0002020000005978099100000000002N           2  02000597809928021900000000600000000000099N310119000000000000002000000000000000000000000000000000000000000000000100030241576890LUIZ CARLOS CARVALHO                    SILVINO ALVES COSTA, 254 JARDIM TRIANON             06783300                                                            000132
100000 000000000000 00090345100325490REGTIT29357554377089     0002020000005977675700000000002N           2  02000597767505031900000000098870000000099N280119000000000000000070000000000000000000000000000000000000000000000100084730765915SUELI APARECIDA MULATI DRAGUNSKI        BELA VISTA, 1194 CASA CENTRO OURIZONA PR            87170000                                                            000133
100000 000000000000 00090345100325490REGTIT29357614105890     0002020000005969447500000000002N           2  01000596944703051900000000110000000000099N050119000000000000000070000000000000000000000000000000000000000000000100003828403999VANESSA APARECIDA E. MODESTO SOUZA      AMAZONAS, 228 SILVEIRA DA MOTTA SAO JOSE            83030420                                                            000134
100000 000000000000 00090345100325490REGTIT29357623725856     0002020000005949767P00000000002N           2  02000594976702031900000000120000000000099N301018000000000000000080000000000000000000000000000000000000000000000100002576126294BRUNA RAFAELA DE PINTO MELO             COHAB TRAVESSA N3, 246 CAMPINA DE ICOARA            66813740                                                            000135
100000 000000000000 00090345100325490REGTIT29357716786074     0002020000005950549400000000002N           2  01000595054903051900000000058350000000099N061118000000000000000040000000000000000000000000000000000000000000000100070919171460LUIZ    HENRIQUE  DOS  SANTOS ARAUJO    RUA  MAIS  VIVER  BLOCO, N 19 MAIS  VIVE            56300000                                                            000136
100000 000000000000 00090345100325490REGTIT29357733981054     0002020000005968326000000000002N           2  02000596832610031900000000051700000000099N211218000000000000000030000000000000000000000000000000000000000000000100010102971986CAMILA DOS SANTOS FERBONI               MACHADO DE ASSIS, 923 CENTRO OURIZONA PR            87170000                                                            000137
100000 000000000000 00090345100325490REGTIT29357987976032     0002020000005949878100000000002N           2  02000594987828021900000000186670000000099N311018000000000000000120000000000000000000000000000000000000000000000100079062296300MARINEIDE  MARIA  LOPES  VASQUES        RUA 51, N 37 JOAO DE DEUS PETROLINA  PE             56300000                                                            000138
100000 000000000000 00090345100325490REGTIT29358007487042     0002020000005930622P00000000002N           2  01000593062203051900000000070000000000099N040918000000000000000050000000000000000000000000000000000000000000000100070455228434JOAO EMANOEL  DA  SILVA                 RUA  JOSE NUNES  SANTANA, N 260 NOVA  DE            56300000                                                            000139
100000 000000000000 00090345100325490REGTIT29358054666568     0002020000005919918000000000002N           2  01000591991802051900000000240000000000099N010818000000000000000160000000000000000000000000000000000000000000000100022371322830EDSON FERNANDO CONVERSA                 DR SEBASTIAO DE PAULA COELHO, 967 ROCHEL            13400310                                                            000140
100000 000000000000 00090345100325490REGTIT29358100641262     0002020000005977730300000000002N           2  02000597773001031900000000083000000000099N290119000000000000000110000000000000000000000000000000000000000000000100070107933101KEYTE HORRANA DE OLIVEIRA SOBRAL        DAS PALMEIRAS, 0 Q11 LT17 CIDADE LIVRE A            74970220                                                            000141
100000 000000000000 00090345100325490REGTIT29358100641262     0002020000005977732P00000000002N           2  01000597773201051900000000083000000000099N290119000000000000000110000000000000000000000000000000000000000000000100070107933101KEYTE HORRANA DE OLIVEIRA SOBRAL        DAS PALMEIRAS, 0 Q11 LT17 CIDADE LIVRE A            74970220                                                            000142
100000 000000000000 00090345100325490REGTIT29358169963392     0002020000005986484200000000002N           2  01000598648402041900000000156000000000099N020319000000000000000100000000000000000000000000000000000000000000000100067541402915CELIA APARECIDA PEDROSA VAZ             CHACARA ROIO DE LUZ ESTRADA RANCHINHO,              87340000                                                            000143
100000 000000000000 00090345100325490REGTIT29358206099946     0002020000005969209P00000000002N           2  01000596920902051900000000125000000000099N020119000000000000000080000000000000000000000000000000000000000000000100005205421509MARIENE DA ROCHA  PINTO                 TABUAS, S|N CENTRO FORMOSA DO RIO PRETO             47990000                                                            000144
100000 000000000000 00090345100325490REGTIT29358315096038     0002020000005986488500000000002N           2  01000598648810041900000000057350000000099N020319000000000000000040000000000000000000000000000000000000000000000100008749114948RAFAELA FERNANDES                       BELA VISTA, 0 CENTRO OURIZONA PR                    87170000                                                            000145
100000 000000000000 00090345100325490REGTIT29358436421333     0002020000005986508300000000002N           2  01000598650810041900000000066830000000099N020319000000000000000040000000000000000000000000000000000000000000000100005456490994SUELLEN JOSIANE ROJO                    BOCAIUVA, 674 CENTRO OURIZONA PR                    87170000                                                            000146
100000 000000000000 00090345100325490REGTIT29358496544112     0002020000005984365900000000002N           2  02000598436510031900000000220000000000099N120219000000000000000150000000000000000000000000000000000000000000000100029455898268CLEIA SANTOS DA GAMA                    QUINZE DE AGOSTO, 1333 PONTA GROSSA (ICO            66812480                                                            000147
100000 000000000000 00090345100325490REGTIT29358569902305     0002020000005917739P00000000002N           2  02000591773902051900000000500000000000099N180718000000000000000330000000000000000000000000000000000000000000000100047469781900ANTENOR DO NASCOMENTO                   OURO VERDE, 132 JARDIM SANTA MONICA PIRA            83302080                                                            000148
100000 000000000000 00090345100325490REGTIT29358578662652     0002020000005977233600000000002N           2  01000597723302051900000000030000000000099N240119000000000000000050000000000000000000000000000000000000000000000100004718540933FABIANE COSTA PICANCIO                  OTAVIO CLAUDINO DE CAMARGO, 509 SANTOS D            83010400                                                            000149
100000 000000000000 00090345100325490REGTIT29358618122711     0002020000005957512300000000002N           2  02000595751217021900000000150000000000099N171118000000000000000200000000000000000000000000000000000000000000000100062311699369ELY GUTESLEY LIMA FROZ                  13, s|n Q: 18 LT:11 JARDIM MONTE CRISTO             74968310                                                            000150
100000 000000000000 00090345100325490REGTIT29358760457473     0002020000005930662900000000002N           2  01000593066203051900000000080000000000099N040918000000000000000050000000000000000000000000000000000000000000000100003128556482ELIANA  FERREIRA  DE  ARAUJO            RUA  TITANIO, N 30 DOM AVELAR PETROLINA             56300000                                                            000151
100000 000000000000 00090345100325490REGTIT29358890916481     0002020000005986528800000000002N           2  01000598652811031900000000120000000000099N020319000000000000000080000000000000000000000000000000000000000000000100077643933987GILBERTO S GONSALVES                    RUA 1, 1 JD DAS PALMEIRAS CAMPO LARGO PR            83600080                                                            000152
100000 000000000000 00090345100325490REGTIT29358907978315     0002020000005976455400000000002N           2  01000597645503051900000000110000000000099N200119000000000000000180000000000000000000000000000000000000000000000100003828403999VANESSA APARECIDA E. MODESTO SOUZA      AMAZONAS, 228 SILVEIRA DA MOTTA SAO JOSE            83030420                                                            000153
100000 000000000000 00090345100325490REGTIT29358908984507     0002020000005918072200000000002N           2  02000591807220021900000000158000000000099N190718000000000000000110000000000000000000000000000000000000000000000100092701680859IVANILDA MARIA DA COSTA                 CEARA, 560 VILA BRASIL SANTA BARBARA D O            13451080                                                            000154
100000 000000000000 00090345100325490REGTIT29358917083553     0002020000005968766500000000002N           2  02000596876623021900000000165000000000099N261218000000000000000220000000000000000000000000000000000000000000000100001933716185LEYDIANE DONIZETE FERREIRA              RUA ALIS Q 73 LT 10 CIDADE LIVRE, 0 Q73             74970000                                                            000155
100000 000000000000 00090345100325490REGTIT29358933502990     0002020000005984137000000000002N           2  02000598413703031900000000063630000000099N090219000000000000000040000000000000000000000000000000000000000000000100074486594991GIZELDA MARQUEZONI                      CAMPO GRANDE, 349 CENTRO OURIZONA PR                87170000                                                            000156
100000 000000000000 00090345100325490REGTIT29358933502990     0002020000005984139700000000002N           2  01000598413903051900000000063630000000099N090219000000000000000040000000000000000000000000000000000000000000000100074486594991GIZELDA MARQUEZONI                      CAMPO GRANDE, 349 CENTRO OURIZONA PR                87170000                                                            000157
100000 000000000000 00090345100325490REGTIT29358963782216     0002020000005887358900000000002N           2  02000588735820021900000000500000000000099N180418000000000000000330000000000000000000000000000000000000000000000100032185850822MARIANA AMARAL RODRIGUES BARBOSA        LIRA PAULISTA, 41 JARDIM BOM REFUGIO SAO            05788320                                                            000158
100000 000000000000 00090345100325490REGTIT29359060208085     0002020000005931577600000000002N           2  01000593157702051900000000216000000000099N080918000000000000000140000000000000000000000000000000000000000000000100002452040401INÁCIO RODRIGUES DOS SANTOS             ANTONIO PEREIRA DE SA, 33 JARDIM AURELIO            05857210                                                            000159
100000 000000000000 00090345100325490REGTIT29359243585637     0002020000005950206100000000002N           2  01000595020601051900000000116670000000099N011118000000000000000080000000000000000000000000000000000000000000000100070955904439DAYLANE FLORIANO LOPES                  QUADRA H, 17 PROJETO N9  PETROLINA PE               56300000                                                            000160
100000 000000000000 00090345100325490REGTIT29359277678136     0002020000005977410P00000000002N           2  02000597741015021900000000200000000000099N240119000000000000000130000000000000000000000000000000000000000000000100085537616149JOSE CLAUDECIALDO CASSIANO              QR 221 CONJ 04, 36 NORTE BRASILIA DF                72000000                                                            000161
100000 000000000000 00090345100325490REGTIT29359298852640     0002020000005977714100000000002N           2  01000597771401051900000000100000000000099N290119000000000000000070000000000000000000000000000000000000000000000100043203035120GERALDO ALVES DE SOUZA                  UMBELINA CAMPOS, S|N CENTRO SAO DESIDERI            47820000                                                            000162
100000 000000000000 00090345100325490REGTIT29359356062031     0002020000005959434900000000002N           2  01000595943403051900000000100000000000099N291118000000000000000070000000000000000000000000000000000000000000000100003587934401MARIA ELINETE BARBOSA RODRIGUES         RUA 12, 50 VILA NOVA  PROJETO N8 PETROLI            56300000                                                            000163
100000 000000000000 00090345100325490REGTIT29359363012827     0002020000005976472400000000002N           2  01000597647202051900000000200000000000099N210119000000000000000130000000000000000000000000000000000000000000000100078272645653ERENI SOARES PIMENTA SILVA              DA BELEZA, 62 VISTA ALEGRE SANTA BARBARA            13450000                                                            000164
100000 000000000000 00090345100325490REGTIT29359376780312     0002020000005878092000000000002N           2  02000587809202051900000000700000000000099N270318000000000000000470000000000000000000000000000000000000000000000100004930093961MARIA APARECIDA DE ALENCAR              VILA RURAL ALIDE ROPELATO, Q. 04 L.26 ZO            87660000                                                            000165
100000 000000000000 00090345100325490REGTIT29359439928879     0002020000005985305000000000002N           2  01000598530502051900000000086000000000099N180219000000000000000060000000000000000000000000000000000000000000000100069697400997CELINA FATIMA KROSKA                    JORGE BREY, 964 SB 03 ALTO BOQUEIRAO CUR            81720230                                                            000166
100000 000000000000 00090345100325490REGTIT29359888176466     0002020000005984956800000000002N           2  01000598495602051900000000165000000000099N150219000000000000000110000000000000000000000000000000000000000000000100019384530182WALMIR BARBOSA DA SILVA                 R DIMITRI QD 39 LT09 ROSA DOS VENTOS, sn            74989140                                                            000167
100000 000000000000 00090345100325490REGTIT29359925888458     0002020000005977030900000000002N           2  02000597703023021900000000127500000000099N230119000000000000000090000000000000000000000000000000000000000000000100027822501836RITA DE CASSIA SANTOS DA CRU            RUA 20, 350 CASA JD. PAULISTA MONTE MOR             13190000                                                            000168
9                                                                                                                                                                                                                                                                                                                                                                                                         000169