01REMESSA01COBRANCA       00000000000004852239ISPCN                         237BRADESCO       260319        MX0003120                                                                                                                                                                                                                                                                                     000001
100000 000000000000 00090345100325490REGTIT31201209408976     0002020000005947942600000000002N           2  02000594794210031900000000083340000000099N181018000000000000000060000000000000000000000000000000000000000000000100007796230451AUCILENE DE PAIVA LIMA SILVA            RUA 17, 36 RIO CORRENTE  PETROLINA  PE              56300000                                                            000002
100000 000000000000 00090345100325490REGTIT31202006849451     0002020000005976812600000000002N           2  02000597681210041900000000220000000000099N220119000000000000000370000000000000000000000000000000000000000000000100071196625387JOÃO MENDES PAURÁ                       CONJUNTO BEIJA FLOR, 33 QUADRA 19 BEIJA             67200000                                                            000003
100000 000000000000 00090345100325490REGTIT31203054613487     0002020000005995593700000000002N           2  01000599559306051900000000120000000000099N260319000000000000000080000000000000000000000000000000000000000000000100002313448215OVIDIO CARDOSO GONÇALVES                13 DE MAIO, 00 CAMETA  BELEM  PA                    68400000                                                            000004
100000 000000000000 00090345100325490REGTIT31203165171307     0002020000005949488300000000002N           2  02000594948826031900000000033340000000099N271018000000000000000020000000000000000000000000000000000000000000000100003051691496KEYLA CLECIA TEIXEIRA SALES             RUA PIO XII, 304 CENTRO  PETROLINA  PE              56300000                                                            000005
100000 000000000000 00090345100325490REGTIT31203785486688     0002020000005938017900000000002N           2  02000593801718031900000000058340000000099N190918000000000000000040000000000000000000000000000000000000000000000100002311440403IOLANDA LACERDA                         RUA ANA NERY, 190 CENTRO  PETROLINA  PE             56300000                                                            000006
100000 000000000000 00090345100325490REGTIT31204928989108     0002020000005918477900000000002N           2  02000591847720031900000000220000000000099N230718000000000000000150000000000000000000000000000000000000000000000100039754382824RENAN DA SILVA FERREIRA                 CLAUDIO MANOEL DA COSTA, 867 PARQUE OLAR            13458027                                                            000007
100000 000000000000 00090345100325490REGTIT31205849431691     0002020000005947948500000000002N           2  02000594794817031900000000100000000000099N181018000000000000000070000000000000000000000000000000000000000000000100090247205400EVANITO JOAQUIM DA SILVA                AREA 21, S/N  PROJETO MARIA TEREZA  PETR            00000000                                                            000008
100000 000000000000 00090345100325490REGTIT31209125736339     0002020000005966093700000000002N           2  02000596609320031900000000140000000000099N081218000000000000000090000000000000000000000000000000000000000000000100011229320814MARIA APARECIDA CABAL SICHELLI          SEBASTIAO BENEDITO DO AMARAL, 537 VILA L            13450395                                                            000009
100000 000000000000 00090345100325490REGTIT31209782520362     0002020000005920866P00000000002N           2  02000592086612031900000000230000000000099N070818000000000000000150000000000000000000000000000000000000000000000100036046207835SONIA THEODORO GIL                      GENERAL COUTO MAGALHAES, 236 31 DE MARCO            13453135                                                            000010
9                                                                                                                                                                                                                                                                                                                                                                                                         000011