01REMESSA01COBRANCA       00000000000004852239ISPCN                         237BRADESCO       040319        MX0002937                                                                                                                                                                                                                                                                                     000001
100000 000000000000 00090345100325490REGTIT29372152091852     0002020000005946771100000000002N           2  02000594677110021900000000038550000000099N101018000000000000000030000000000000000000000000000000000000000000000100006737852971DYEIME MORAES PAZ                       SAO VICENTE, 654 CENTRO OURIZONA PR                 87170000                                                            000002
100000 000000000000 00090345100325490REGTIT29372152091852     0002020000005946772P00000000002N           2  02000594677210031900000000038550000000099N101018000000000000000030000000000000000000000000000000000000000000000100006737852971DYEIME MORAES PAZ                       SAO VICENTE, 654 CENTRO OURIZONA PR                 87170000                                                            000003
100000 000000000000 00090345100325490REGTIT29372255999594     0002020000005986539300000000002N           2  01000598653931031900000000293420000000099N040319000000000000000200000000000000000000000000000000000000000000000100035794313900ANTONIO SABIM                           RUA OSWALDO SABIM, S|N CASA ITAQUI CAMPO            83600000                                                            000004
100000 000000000000 00090345100325490REGTIT29372320600044     0002020000005986541500000000002N           2  01000598654110031900000000260000000000099N040319000000000000000170000000000000000000000000000000000000000000000100003336800811ODAIR ANTONIO OLIVEIRA                  VITORIO PADOVEZE, 162 PARQUE DO LAGO SAN            13458628                                                            000005
100000 000000000000 00090345100325490REGTIT29372320600044     0002020000005986542300000000002N           2  01000598654210041900000000260000000000099N040319000000000000000170000000000000000000000000000000000000000000000100003336800811ODAIR ANTONIO OLIVEIRA                  VITORIO PADOVEZE, 162 PARQUE DO LAGO SAN            13458628                                                            000006
100000 000000000000 00090345100325490REGTIT29374671654754     0002020000005900902000000000002N           2  02000590090206021900000000170000000000099N020618000000000000000110000000000000000000000000000000000000000000000100086826204800APARECIDO PEREIRA DA SILVA              CHACARA, CASA 11 CONDOMINIO MOREIRA II S            13450000                                                            000007
100000 000000000000 00090345100325490REGTIT29375816220872     0002020000005978255200000000002N           2  02000597825507021900000000250000000000099N020219000000000000000170000000000000000000000000000000000000000000000100037966468836ADRIELLE JORGE MORE                     DOM PEDRO DE ALCANTARA VL S PEDRO, 565 M            09784000                                                            000008
100000 000000000000 00090345100325490REGTIT29375816220872     0002020000005978256000000000002N           2  02000597825620021900000000250000000000099N020219000000000000000170000000000000000000000000000000000000000000000100037966468836ADRIELLE JORGE MORE                     DOM PEDRO DE ALCANTARA VL S PEDRO, 565 M            09784000                                                            000009
100000 000000000000 00090345100325490REGTIT29375816220872     0002020000005978257900000000002N           2  02000597825707031900000000250000000000099N020219000000000000000170000000000000000000000000000000000000000000000100037966468836ADRIELLE JORGE MORE                     DOM PEDRO DE ALCANTARA VL S PEDRO, 565 M            09784000                                                            000010
100000 000000000000 00090345100325490REGTIT29375816220872     0002020000005978258700000000002N           2  02000597825820031900000000250000000000099N020219000000000000000170000000000000000000000000000000000000000000000100037966468836ADRIELLE JORGE MORE                     DOM PEDRO DE ALCANTARA VL S PEDRO, 565 M            09784000                                                            000011
100000 000000000000 00090345100325490REGTIT29376176651405     0002020000005986540700000000002N           2  01000598654004041900000000024900000000099N040319000000000000000020000000000000000000000000000000000000000000000100008778073960ADAILTON DO NASCIMENTO MENEZES          PIONEIRO MIGUEL ELVIRA, 13 CONJ AMADO OU            87170000                                                            000012
9                                                                                                                                                                                                                                                                                                                                                                                                         000013