01REMESSA01COBRANCA       00000000000004852239ISPCN                         237BRADESCO       120319        MX0003014                                                                                                                                                                                                                                                                                     000001
100000 000000000000 00090345100325490REGTIT30141313575717     0002020000005975868600000000002N           2  02000597586815031900000000104700000000099N150119000000000000000070000000000000000000000000000000000000000000000100081678711268LUCILENE DA SILVA FLORENCIO             BELA VISTA, 466 CENTRO OURIZONA PR                  87170000                                                            000002
100000 000000000000 00090345100325490REGTIT30141536319752     0002020000005987674300000000002N           2  01000598767407051900000000430000000000099N120319000000000000000290000000000000000000000000000000000000000000000100048071111830FELIPE DE OLIVEIRA CONCEIÇÃO            MONFORTE DE LEMOS, 730 CASA 03 JARDIM UM            05783170                                                            000003
100000 000000000000 00090345100325490REGTIT30141932894127     0002020000005939359900000000002N           2  02000593935915031900000000140000000000099N270918000000000000000090000000000000000000000000000000000000000000000100028694988453BERNADETE DA CRUZ FERREIRA              RUA: CASTRO ALVES, 245 CENTRO  PETROLINA            56300000                                                            000004
100000 000000000000 00090345100325490REGTIT30142164950552     0002020000005950979100000000002N           2  02000595097906031900000000158330000000099N071118000000000000000110000000000000000000000000000000000000000000000100047212128449MARIA IRENE DOS SANTOS SILVA            RUA DO UMBUZEIRO, 15 AREIA BRANCA PETROL            56300000                                                            000005
100000 000000000000 00090345100325490REGTIT30143374046766     0002020000005965840100000000002N           2  02000596584010031900000000500000000000099N071218000000000000000330000000000000000000000000000000000000000000000100012341386890ANTONIO CARLOS RICCI                    AMERICANA, 462 RESIDENCIAL SAO JOAQUIM S            13452025                                                            000006
100000 000000000000 00090345100325490REGTIT30143518480530     0002020000005928926000000000002N           2  02000592892613031900000001000000000000099N270818000000000000000670000000000000000000000000000000000000000000000100001654673986ERLIA REGINA PITANTE BARDDALL           CORONEL MACHADO LOPES, 1056 JARDIM SANTA            83302250                                                            000007
100000 000000000000 00090345100325490REGTIT30144984547748     0002020000005987691300000000002N           2  01000598769109041900000000183800000000099N120319000000000000000120000000000000000000000000000000000000000000000208229276000158MABELLA MODELADORES                     RUA EBANO PEREIRA, S|N 60 CJ 705 CENTRO             82620360                                                            000008
100000 000000000000 00090345100325490REGTIT30145310294346     0002020000005969349500000000002N           2  02000596934910031900000000230000000000099N040119000000000000000150000000000000000000000000000000000000000000000100047384735904DIRCIONIL PEREIRA CAMPOS                RICARDO EUGENIO GRAESER, 101 CASA TATUQU            81480135                                                            000009
100000 000000000000 00090345100325490REGTIT30147269967326     0002020000005975675600000000002N           2  02000597567510031900000000200000000000099N150119000000000000000130000000000000000000000000000000000000000000000100033592643800ANA PAULA AP CAMPOS                     VALENCIA, 155 BL 22 APT 403 JARDIM BERTO            13478779                                                            000010
100000 000000000000 00090345100325490REGTIT30147489471269     0002020000005916804800000000002N           2  02000591680410031900000000200000000000099N120718000000000000000130000000000000000000000000000000000000000000000100028048582864LUCY DALVA DOS SANTOS OLIVEIRA          PROFETA JEREMIAS, 794 LAUDISSE SBO SP               13450000                                                            000011
100000 000000000000 00090345100325490REGTIT30147600606195     0002020000005930086800000000002N           2  02000593008628021900000000116670000000099N310818000000000000000080000000000000000000000000000000000000000000000100010251657485FELIPE EDSON FONSECA DA SILVA           RUA 17, 81 FERNANDO IDALINO BEERRA PETRO            56300000                                                            000012
100000 000000000000 00090345100325490REGTIT30148220110221     0002020000005976523200000000002N           2  02000597652320031900000000120000000000099N210119000000000000000080000000000000000000000000000000000000000000000100056977972220SIMONE DO SOCORRO DA SILVA OLIVEIRA     CORONEL JUVENCIO SARMENTO, 9 CRUZEIRO (I            66810080                                                            000013
100000 000000000000 00090345100325490REGTIT30148478748641     0002020000005975984400000000002N           2  02000597598405031900000000286670000000099N160119000000000000000190000000000000000000000000000000000000000000000100001353913260NATHASKA LORRANA SANTIAGO DA ROCHA      QUINZE DE AGOSTO, 249 ALAMEDA JOINVILLE             66810070                                                            000014
100000 000000000000 00090345100325490REGTIT30148606999789     0002020000005969887P00000000002N           2  02000596988709031900000000100000000000099N090119000000000000000070000000000000000000000000000000000000000000000100047384735904DIRCIONIL PEREIRA CAMPOS                RICARDO EUGENIO GRAESER, 101 CASA TATUQU            81480135                                                            000015
100000 000000000000 00090345100325490REGTIT30148701121927     0002020000005960678900000000002N           2  02000596067806031900000000163330000000099N061218000000000000000110000000000000000000000000000000000000000000000100074359878249DEREK FABIO DOS SANTOS BENTES           JULIO GOMES, 439 CAMPINA DE ICOARACI (IC            66813050                                                            000016
100000 000000000000 00090345100325490REGTIT30148716869776     0002020000005975706P00000000002N           2  02000597570610031900000000220000000000099N150119000000000000000150000000000000000000000000000000000000000000000100010480099200MARIA NATALINA DA SILVA OLIVEIRA        ENEAS COSTA (JD NOVA ESPERANCA), 30 Q 22            67120405                                                            000017
100000 000000000000 00090345100325490REGTIT30148872813367     0002020000005949690800000000002N           2  02000594969028021900000000340000000000099N291018000000000000000230000000000000000000000000000000000000000000000100040225348934MARIA NATALINA DE LIZ                   CAMPO NOVO, 0 CASA CAMPO NOVO CAMPO MAGR            83535000                                                            000018
100000 000000000000 00090345100325490REGTIT30149002612626     0002020000005966502500000000002N           2  02000596650215031900000000170000000000099N111218000000000000000110000000000000000000000000000000000000000000000100044050763249EUNICE COSTA CALANDRINI                 CACHOEIRA DO ARARI ( CHIPAIA), 00 MARAJO            68840000                                                            000019
100000 000000000000 00090345100325490REGTIT30149448251380     0002020000005987673500000000002N           2  01000598767307041900000001000000000000099N120319000000000000000670000000000000000000000000000000000000000000000100048071111830FELIPE DE OLIVEIRA CONCEIÇÃO            MONFORTE DE LEMOS, 730 CASA 03 JARDIM UM            05783170                                                            000020
100000 000000000000 00090345100325490REGTIT30149723365219     0002020000005979010500000000002N           2  02000597901005031900000000999000000000099N080219000000000000000670000000000000000000000000000000000000000000000100033369128810JOELMA ALMEIDA DOS SANTOS               WERNER GOLDBERG, 77 BLOCO GAIVOTA  AP 26            06414025                                                            000021
100000 000000000000 00090345100325490REGTIT30149784947323     0002020000005976585200000000002N           2  02000597658510031900000000376670000000099N210119000000000000000250000000000000000000000000000000000000000000000100000398651264ANDRESSA BIANCA MATOS GOMES             CORONEL JUVENCIO SARMENTO, 1274 PONTA GR            66812490                                                            000022
9                                                                                                                                                                                                                                                                                                                                                                                                         000023