01REMESSA01COBRANCA       00000000000004852239ISPCN                         237BRADESCO       110319        MX0003008                                                                                                                                                                                                                                                                                     000001
100000 000000000000 00090345100325490REGTIT30081181152889     0002020000005928604000000000002N           2  02000592860420021900000000170000000000099N250818000000000000000110000000000000000000000000000000000000000000000100028361131892MARILENE QUEIROZ MASCARANHA             ANTENOR KUERCHE DE MENEZES, 309 RESIDENC            13458715                                                            000002
100000 000000000000 00090345100325490REGTIT30081422368159     0002020000005958411400000000002N           2  02000595841123021900000000155000000000099N231118000000000000000100000000000000000000000000000000000000000000000100054561256172KELY CRISTINA ROSA                      LISBOA, 148 QD 02 LOTE 30 ALTO DA BOA VI            00078088                                                            000003
100000 000000000000 00090345100325490REGTIT30081610080247     0002020000005969423800000000002N           2  02000596942310031900000000040640000000099N040119000000000000000030000000000000000000000000000000000000000000000100002927952116JOSIANE APARECIDA RODRIGUES             MACHADO DE ASSIS, 922 CENTRO OURIZONA PR            87170000                                                            000004
100000 000000000000 00090345100325490REGTIT30081639193089     0002020000005985002700000000002N           2  02000598500210031900000000245000000000099N150219000000000000000160000000000000000000000000000000000000000000000100020972040234MARIA NEUSA NUNES AIRES                 RUA CAMELIA, 11|05 CIDADE JARDIM I PARQU            66635110                                                            000005
100000 000000000000 00090345100325490REGTIT30081858551543     0002020000005940311P00000000002N           2  02000594031104031900000000370000000000099N021018000000000000000250000000000000000000000000000000000000000000000100064935558849DIMAS CORREIA DA SILVA                  SERVIDÃO, 699 JARDIM GERIVA SANTA BÁRBAR            13456343                                                            000006
100000 000000000000 00090345100325490REGTIT30081916081859     0002020000005977487800000000002N           2  02000597748723021900000000450000000000099N250119000000000000000300000000000000000000000000000000000000000000000208999791000117PIZZARIA MANA DO CEU                    MARECHAL HERMES, 2282 VILA INA SAO JOSE             83065000                                                            000007
100000 000000000000 00090345100325490REGTIT30082073583255     0002020000005978562400000000002N           2  02000597856210031900000000036380000000099N050219000000000000000020000000000000000000000000000000000000000000000100006323829967SUZANA FARAIM                           BELA VISTA, 1577 CENTRO OURIZONA PR                 87170000                                                            000008
100000 000000000000 00090345100325490REGTIT30082089044571     0002020000005987580100000000002N           2  01000598758020031900000000069000000000099N110319000000000000000050000000000000000000000000000000000000000000000100023666064191BENEDITA PARDIM DE OLIVEIRA             DIVINO FONSECA, 75 CASA JARDIM ANAPOLIS             79070380                                                            000009
100000 000000000000 00090345100325490REGTIT30082089044571     0002020000005987581P00000000002N           2  01000598758115041900000000069000000000099N110319000000000000000050000000000000000000000000000000000000000000000100023666064191BENEDITA PARDIM DE OLIVEIRA             DIVINO FONSECA, 75 CASA JARDIM ANAPOLIS             79070380                                                            000010
100000 000000000000 00090345100325490REGTIT30082170260283     0002020000005956910700000000002N           2  02000595691009031900000000100000000000099N131118000000000000000070000000000000000000000000000000000000000000000100039187462591PERPETUA DE SOUZA NERI RODRIGUES        RUA V, 7 QUADRA E PROJETO N 4 PETROLINA             56300000                                                            000011
100000 000000000000 00090345100325490REGTIT30082217897631     0002020000005987560700000000002N           2  01000598756020031900000000069000000000099N110319000000000000000050000000000000000000000000000000000000000000000100048046647187NEIDE MARINA MIGUEL                     BARAO DE LIMEIRA, 1981 UNIVERSITARIO CAM            79070150                                                            000012
100000 000000000000 00090345100325490REGTIT30082217897631     0002020000005987561500000000002N           2  01000598756115041900000000069000000000099N110319000000000000000050000000000000000000000000000000000000000000000100048046647187NEIDE MARINA MIGUEL                     BARAO DE LIMEIRA, 1981 UNIVERSITARIO CAM            79070150                                                            000013
100000 000000000000 00090345100325490REGTIT30082485636621     0002020000005979027P00000000002N           2  02000597902705031900000000130000000000099N080219000000000000000090000000000000000000000000000000000000000000000100005674218137REYNAN CRUZ DOS SANTOS                  VENEZA, 919B JARDIM ISAURA SANTANA DE PA            06516055                                                            000014
100000 000000000000 00090345100325490REGTIT30082493699702     0002020000005960090P00000000002N           2  02000596009010021900000000062700000000099N031218000000000000000040000000000000000000000000000000000000000000000100002755401974CELSO MELAO                             ESTRADA BAMBU, 3 BAIRRO OURIZONA PR                 87170000                                                            000015
100000 000000000000 00090345100325490REGTIT30082901035708     0002020000005967339700000000002N           2  02000596733910031900000000065000000000099N151218000000000000000040000000000000000000000000000000000000000000000100070919702090MARGARETE MACHADO GEMIN                 PADRE DEHON, 1426 BOQUEIRAO CURITIBA PR             81670100                                                            000016
100000 000000000000 00090345100325490REGTIT30083037814816     0002020000005986584900000000002N           2  02000598658410031900000000460000000000099N040319000000000000000310000000000000000000000000000000000000000000000100086638980882BEATRIZ LEITE F. STENICO                TAMOIOS, 0 JARDIM SAO FRANCISCO SANTA BA            13456081                                                            000017
100000 000000000000 00090345100325490REGTIT30083099109604     0002020000005956678700000000002N           2  02000595667810031900000000097200000000099N121118000000000000000060000000000000000000000000000000000000000000000100005366411963ANDREIA APARECIDA SIQUEIRA              BENJAMIM PEREIRA DA SILVA, 38 CENTRO OUR            87170000                                                            000018
100000 000000000000 00090345100325490REGTIT30083361627124     0002020000005957570000000000002N           2  02000595757020031900000000280000000000099N171118000000000000000190000000000000000000000000000000000000000000000100002768775860CICERO LAURENTINO                       DAMASIO PIMENTEL DE CAMARGO, 393 SANTA R            13450000                                                            000019
100000 000000000000 00090345100325490REGTIT30083766294800     0002020000005958606000000000002N           2  02000595860610031900000000040170000000099N241118000000000000000030000000000000000000000000000000000000000000000100059914564968DOMINGAS BARBOSA SANTIAGO               BELA VISTA, 1603 CENTRO OURIZONA PR                 87170000                                                            000020
100000 000000000000 00090345100325490REGTIT30083794559513     0002020000005949788200000000002N           2  02000594978815021900000000160000000000099N301018000000000000000110000000000000000000000000000000000000000000000100027065308120JOSE BONIFACIO MARQUES FRANÇA           QR411 CONJ09 CASA19, 19 PROPIO SAMAMBAIA            72000000                                                            000021
100000 000000000000 00090345100325490REGTIT30083871692977     0002020000005958844600000000002N           2  02000595884411021900000000325000000000099N261118000000000000000540000000000000000000000000000000000000000000000202945870000320OMEGA IND COM E DESENVOLVIMENTO SIST E IRUA JANDAIA DO SUL, 125 EMILIANO PERNETA            83324440                                                            000022
100000 000000000000 00090345100325490REGTIT30083871692977     0002020000005958845400000000002N           2  02000595884511031900000000325000000000099N261118000000000000000540000000000000000000000000000000000000000000000202945870000320OMEGA IND COM E DESENVOLVIMENTO SIST E IRUA JANDAIA DO SUL, 125 EMILIANO PERNETA            83324440                                                            000023
100000 000000000000 00090345100325490REGTIT30084100013180     0002020000005950616400000000002N           2  02000595061610021900000000149000000000099N061118000000000000000100000000000000000000000000000000000000000000000100028378841898DEVANIR N DA ROCHA                      JOSE CASSASSA, 508 SANTA RITA II NOVA OD            13386070                                                            000024
100000 000000000000 00090345100325490REGTIT30084162869242     0002020000005977542400000000002N           2  02000597754220021900000000040250000000099N260119000000000000000030000000000000000000000000000000000000000000000100002373067196CINDY ROCHA EUGENIO                     QR615  CONJ10  CASA, 20 NORTE SAMAMBAIA             72331811                                                            000025
100000 000000000000 00090345100325490REGTIT30084166632402     0002020000005968467400000000002N           2  02000596846710031900000000034800000000099N221218000000000000000020000000000000000000000000000000000000000000000100059914564968DOMINGAS BARBOSA SANTIAGO               BELA VISTA, 1603 CENTRO OURIZONA PR                 87170000                                                            000026
100000 000000000000 00090345100325490REGTIT30084237879042     0002020000005948475600000000002N           2  02000594847522021900000000110000000000099N221018000000000000000070000000000000000000000000000000000000000000000100039611511809LIGIAN CORREA RODRIGUES                 ANTONIO MORAES BARROS, 670 JARDIM VISTA             13458574                                                            000027
100000 000000000000 00090345100325490REGTIT30084406615652     0002020000005927432800000000002N           2  02000592743201031900000000092860000000099N170818000000000000000060000000000000000000000000000000000000000000000100001122503431MARIA DAS GRACAS SILVA VIANA            RUA: 7, 320 TERRA DO SUL PETROLINA PE               56300000                                                            000028
100000 000000000000 00090345100325490REGTIT30084705574044     0002020000005949626600000000002N           2  02000594962615031900000000198000000000099N291018000000000000000130000000000000000000000000000000000000000000000100045685830807RAISSA FERNANDA BALDO                   VINTE E UM DE FEVEREIRO, 87 CONJUNTO HAB            13453149                                                            000029
100000 000000000000 00090345100325490REGTIT30085087719451     0002020000005969397500000000002N           2  02000596939707031900000000510000000000099N040119000000000000000340000000000000000000000000000000000000000000000100005364311830MARIA INES P DOS SANTOS                 CIRO DOS ANJOS, 171 PARQUE RESIDENCIAL S            13457006                                                            000030
100000 000000000000 00090345100325490REGTIT30085303618845     0002020000005966750800000000002N           2  02000596675020021900000000250000000000099N121218000000000000000170000000000000000000000000000000000000000000000100051845199987JOSE CARLOS ALVES                       HENRIQUE BRUDECK, 469 CASA VILA SAO CRIS            83305345                                                            000031
100000 000000000000 00090345100325490REGTIT30085607309001     0002020000005958952300000000002N           2  02000595895205031900000000109800000000099N261118000000000000000070000000000000000000000000000000000000000000000100063025736968NEUSA C L CAMARGO                       CLETO DA SILVA, 2130 SB 16 BOQUEIRAO CUR            81670450                                                            000032
100000 000000000000 00090345100325490REGTIT30085762722218     0002020000005987570400000000002N           2  01000598757020031900000000093000000000099N110319000000000000000060000000000000000000000000000000000000000000000100087223198168KATE KRIZ CORCINO DOS SANTOS            SEIZUKE ZAHA, 210 JARDIM DAS NAÇOES CAMP            79081730                                                            000033
100000 000000000000 00090345100325490REGTIT30085762722218     0002020000005987571200000000002N           2  01000598757115041900000000093000000000099N110319000000000000000060000000000000000000000000000000000000000000000100087223198168KATE KRIZ CORCINO DOS SANTOS            SEIZUKE ZAHA, 210 JARDIM DAS NAÇOES CAMP            79081730                                                            000034
100000 000000000000 00090345100325490REGTIT30085885161442     0002020000005985424300000000002N           2  02000598542415031900000000098310000000099N190219000000000000000070000000000000000000000000000000000000000000000100008104197932DAIANE CAROLINE AMARAL DE AQUINO        CAMPO GRANDE, 1706 CENTRO OURIZONA PR               87170000                                                            000035
100000 000000000000 00090345100325490REGTIT30086242692342     0002020000005967260900000000002N           2  02000596726007031900000000648750000000099N151218000000000000000430000000000000000000000000000000000000000000000100050368915115LUZIA APARECIDA BEZERRA DA SILVA        VEREADOR, 904 AP 904 TORRE DAS MAT ACLIM            00078000                                                            000036
100000 000000000000 00090345100325490REGTIT30086247947675     0002020000005958629P00000000002N           2  02000595862915031900000000037480000000099N241118000000000000000020000000000000000000000000000000000000000000000100003871686999MARIA ISABEL BEZERRA DA SILVA           JUPITER, 784 CENTRO OURIZONA PR                     87170000                                                            000037
100000 000000000000 00090345100325490REGTIT30086256835518     0002020000005968871800000000002N           2  02000596887101031900000000150000000000099N271218000000000000000100000000000000000000000000000000000000000000000100002862926299JHULIA CAROLINE E SILVA BATISTA         TRAVESSA MANOEL SIQUEIRA, 28 AGUA BOA (O            66843490                                                            000038
100000 000000000000 00090345100325490REGTIT30087234913975     0002020000005968878500000000002N           2  02000596887810021900000000240000000000099N271218000000000000000160000000000000000000000000000000000000000000000100021208476572FRANCISCA BARBOSA DA SILVA              N6, 6 CONJ. COHAB CAMPINA DE ICOARACI (I            66815380                                                            000039
100000 000000000000 00090345100325490REGTIT30087541770326     0002020000005986068500000000002N           2  02000598606810031900000000086330000000099N260219000000000000000060000000000000000000000000000000000000000000000100006735107942SELMA APARECIDA GONCALVES DE SOUZA      EVELAZIO AUGUSTO BLEY, 589 SB 1 TATUQUAR            81480350                                                            000040
100000 000000000000 00090345100325490REGTIT30087626844379     0002020000005968938200000000002N           2  02000596893810031900000000245700000000099N271218000000000000000160000000000000000000000000000000000000000000000100012706651890CECILIA MARQUES DE PINHO                QR 415 CONJ 06, 2 NORTE SAMAMBAIA DF                72323003                                                            000041
100000 000000000000 00090345100325490REGTIT30087790321339     0002020000005959861100000000002N           2  02000595986103031900000000093330000000099N011218000000000000000060000000000000000000000000000000000000000000000100032970838249ANTONIA DE MEDEIROS DE SOUZA            DOIS DE DEZEMBRO, 236 CRUZEIRO (ICOARACI            66810040                                                            000042
100000 000000000000 00090345100325490REGTIT30087816114810     0002020000005920227000000000002N           2  02000592022710031900000000193990000000099N020818000000000000000130000000000000000000000000000000000000000000000100022544968168ODILIA FERREIRA DE SOUZA                QR415  CONJ09  CASA, 17 PROPIO SNORTE SA            72000000                                                            000043
100000 000000000000 00090345100325490REGTIT30087847799079     0002020000005898713400000000002N           2  02000589871321021900000000100000000000099N210518000000000000000070000000000000000000000000000000000000000000000100005662670471JECILENE DOS SANTOS ARAUJO              QUADRA: D, 32 PROJETO N 09 PETROLINA PE             56300000                                                            000044
100000 000000000000 00090345100325490REGTIT30088025876097     0002020000005919783800000000002N           2  02000591978310031900000000600000000000099N310718000000000000000400000000000000000000000000000000000000000000000100050368915115LUZIA APARECIDA BEZERRA DA SILVA        VEREADOR, 904 AP 904 TORRE DAS MAT ACLIM            00078000                                                            000045
100000 000000000000 00090345100325490REGTIT30088428726568     0002020000005968548400000000002N           2  02000596854810031900000000180000000000099N241218000000000000000120000000000000000000000000000000000000000000000100061980390568MARIA JOSÉ SILVA CARNEIRO               JORGE JUVENTINO AGUIAR, 0 BL. 30 APTº 24            13450000                                                            000046
100000 000000000000 00090345100325490REGTIT30088437278514     0002020000005959388100000000002N           2  02000595938810031900000000120000000000099N291118000000000000000080000000000000000000000000000000000000000000000100005874358285JESSICA LARISSA MONTEIRO SILVA          DA FELICIDADE, 21 SAO JOAO DO OUTEIRO (O            66840170                                                            000047
100000 000000000000 00090345100325490REGTIT30088450750634     0002020000005970053P00000000002N           2  02000597005309031900000000288360000000099N090119000000000000000190000000000000000000000000000000000000000000000100004910306145GUSTAVO TORRES DOS SANTOS               425 CONJUNTO 13, 01 SAMAMBAIA NORTE SAMA            72327013                                                            000048
100000 000000000000 00090345100325490REGTIT30088643440020     0002020000005985136800000000002N           2  02000598513616031900000000049970000000099N160219000000000000000030000000000000000000000000000000000000000000000100003871686999MARIA ISABEL BEZERRA DA SILVA           JUPITER, 784 CENTRO OURIZONA PR                     87170000                                                            000049
100000 000000000000 00090345100325490REGTIT30088888704996     0002020000005930812500000000002N           2  02000593081210031900000000045420000000099N040918000000000000000030000000000000000000000000000000000000000000000100059914564968DOMINGAS BARBOSA SANTIAGO               BELA VISTA, 1603 CENTRO OURIZONA PR                 87170000                                                            000050
100000 000000000000 00090345100325490REGTIT30089611561004     0002020000005987590900000000002N           2  01000598759020031900000000085000000000099N110319000000000000000060000000000000000000000000000000000000000000000100001829293109MARIA AUXILIADORA GOMES VERAO           JOAQUIM ALVES PEREIRA, 1851 UNIVERSITARI            79070120                                                            000051
100000 000000000000 00090345100325490REGTIT30089611561004     0002020000005987591700000000002N           2  01000598759115041900000000085000000000099N110319000000000000000060000000000000000000000000000000000000000000000100001829293109MARIA AUXILIADORA GOMES VERAO           JOAQUIM ALVES PEREIRA, 1851 UNIVERSITARI            79070120                                                            000052
100000 000000000000 00090345100325490REGTIT30089614957749     0002020000005890481600000000002N           2  02000589048110031900000000072000000000099N070518000000000000000050000000000000000000000000000000000000000000000100045685830807RAISSA FERNANDA BALDO                   VINTE E UM DE FEVEREIRO, 87 CONJUNTO HAB            13453149                                                            000053
100000 000000000000 00090345100325490REGTIT30089759584487     0002020000005895551800000000002N           2  02000589555110021900000000120000000000099N080518000000000000000080000000000000000000000000000000000000000000000100002532040467PERPETUA DA CONCEICAO RODRIGUES         RUA: TABULEIRO, 161 SÃO GONÇALO PETROLIN            56300000                                                            000054
9                                                                                                                                                                                                                                                                                                                                                                                                         000055