01REMESSA01COBRANCA       00000000000004852239ISPCN                         237BRADESCO       250319        MX0003112                                                                                                                                                                                                                                                                                     000001
100000 000000000000 00090345100325490REGTIT31122059191755     0002020000005985834600000000002N           2  02000598583408041900000002175290000000099N230219000000000000001450000000000000000000000000000000000000000000000100040117158836HORACIA GODINHO DA SILVA CARDOSO        ANTONIO LINDORIO PINTO, 154 SENHORINHA J            06950000                                                            000002
100000 000000000000 00090345100325490REGTIT31122424262521     0002020000005939397100000000002N           2  02000593939724031900000000100000000000099N270918000000000000000070000000000000000000000000000000000000000000000100006522824400SHIRLYS KALIANA DA CONCEICAO SILVA      RUA 42, 71 SÃO GONÇALO PETROLINA PE                 56300000                                                            000003
100000 000000000000 00090345100325490REGTIT31123323095403     0002020000005930806000000000002N           2  02000593080601031900000000108350000000099N040918000000000000000070000000000000000000000000000000000000000000000100001102568406EDINEZ GOMES DE BARROS CARVALHO         RUA:32, N:369 JOÃO DE DEUS PETROLINA PE             56300000                                                            000004
100000 000000000000 00090345100325490REGTIT31124358381616     0002020000005985831100000000002N           2  02000598583123031900000000100000000000099N230219000000000000000070000000000000000000000000000000000000000000000100001989879195ELIANE DE OLIVEIRA MATTOS               VIELAPROGRESSO   Q 79 LT 19 CASA 03, 0 Q            74970000                                                            000005
100000 000000000000 00090345100325490REGTIT31124874820121     0002020000005977743500000000002N           2  02000597774312031900000000089000000000099N290119000000000000000060000000000000000000000000000000000000000000000100012382509805IVETE SOUZA LIMA FERNANDES              ALFEU SCHIMIDT BL P APT 12, 221 PLANALTO            13453833                                                            000006
100000 000000000000 00090345100325490REGTIT31124902052688     0002020000005968221300000000002N           2  02000596822122031900000000260000000000099N201218000000000000000170000000000000000000000000000000000000000000000100017151800894LUZIA TEREZINHA VITTI DE MORAES         PERU, 358 JARDIM SARTORI SANTA BARBARA D            13450197                                                            000007
100000 000000000000 00090345100325490REGTIT31125260507149     0002020000005977437100000000002N           2  02000597743725031900000000047400000000099N250119000000000000000030000000000000000000000000000000000000000000000100005036597974VALDIRENE LOPES DE SOUZA                IBIRAPITANGA, 0 FAZENDA BURITI CENTRO MA            87170000                                                            000008
100000 000000000000 00090345100325490REGTIT31125303618845     0002020000005966751600000000002N           2  02000596675120031900000000250000000000099N121218000000000000000170000000000000000000000000000000000000000000000100051845199987JOSE CARLOS ALVES                       HENRIQUE BRUDECK, 469 CASA VILA SAO CRIS            83305345                                                            000009
100000 000000000000 00090345100325490REGTIT31125420197695     0002020000005995441800000000002N           2  01000599544110051900000000130000000000099N250319000000000000000090000000000000000000000000000000000000000000000100038830041890ÉRICO DOS SANTOS                        JOSE AUGUSTO MARTINS, 02 VALE DAS CIGARR            13459000                                                            000010
100000 000000000000 00090345100325490REGTIT31125683803140     0002020000005960707600000000002N           2  02000596070728021900000000100000000000099N061218000000000000000070000000000000000000000000000000000000000000000100094358222234NELMA REGINA RAMOS DOS SANTOS           RIO CARACARA (CACHOEIRA DO ARARI), 00 MA            68840000                                                            000011
100000 000000000000 00090345100325490REGTIT31125683803140     0002020000005960708400000000002N           2  02000596070830031900000000100000000000099N061218000000000000000070000000000000000000000000000000000000000000000100094358222234NELMA REGINA RAMOS DOS SANTOS           RIO CARACARA (CACHOEIRA DO ARARI), 00 MA            68840000                                                            000012
100000 000000000000 00090345100325490REGTIT31125712640823     0002020000005969109300000000002N           2  02000596910925031900000000145000000000099N281218000000000000000100000000000000000000000000000000000000000000000100007027799383AMANDA COSTA DE OLIVEIRA                DO CRUZEIRO, 5 CRUZEIRO  BELEM  PA                  66810010                                                            000013
100000 000000000000 00090345100325490REGTIT31125788745184     0002020000005978012600000000002N           2  02000597801220031900000000125000000000099N310119000000000000000080000000000000000000000000000000000000000000000100002356296263DALVAENILDE RAMOS FILHA DE MIRANDA      CACHOEIRA DO ARARI, 000 CACHOEIRA DO ARA            68840000                                                            000014
100000 000000000000 00090345100325490REGTIT31125882065006     0002020000005978094000000000002N           2  02000597809403031900000000571800000000099N310119000000000000000380000000000000000000000000000000000000000000000100003443931944SILVIA DOS SANTOS                       ELOINA RIBAS BASTOS, 218 CASA COSTEIRA S            83015160                                                            000015
100000 000000000000 00090345100325490REGTIT31127267735265     0002020000005949577400000000002N           2  02000594957724031900000000128330000000099N291018000000000000000090000000000000000000000000000000000000000000000100053541863315IZIDORIO FRANCISCO DOS REIS             RUA: RIO GRANDE DO SUL, 112 JOSE E MARIA            56300000                                                            000016
100000 000000000000 00090345100325490REGTIT31128999967980     0002020000005978108400000000002N           2  02000597810828041900000000200000000000099N010219000000000000000130000000000000000000000000000000000000000000000100005744970215ALCINDO TELES DA SILVA                  PRESIDENTE CASTELO BRANCO, 725 TAPANA (I            66825070                                                            000017
100000 000000000000 00090345100325490REGTIT31129783566784     0002020000005918950900000000002N           2  02000591895023031900000000150000000000099N250718000000000000000100000000000000000000000000000000000000000000000100086833383472VALDEMIR FRANCISCO DA SILVA             RUA: 54, 260 JOAO DE DEUS PETROLINA PE              56300000                                                            000018
100000 000000000000 00090345100325490REGTIT31129873635475     0002020000005960688600000000002N           2  02000596068828021900000000425000000000099N061218000000000000000570000000000000000000000000000000000000000000000100001933716185LEYDIANE DONIZETE FERREIRA              RUA ALIS Q 73 LT 10 CIDADE LIVRE, 0 Q73             74970000                                                            000019
9                                                                                                                                                                                                                                                                                                                                                                                                         000020