01REMESSA01COBRANCA       00000000000004852239ISPCN                         237BRADESCO       210319        MX0003088                                                                                                                                                                                                                                                                                     000001
100000 000000000000 00090345100325490REGTIT30881190399067     0002020000005994263000000000002N           2  01000599426321041900000000916700000000099N210319000000000000000610000000000000000000000000000000000000000000000100029887366854SHEILA ARAUJO BARBOSA                   IDA ROMUSSI GASPARINETTI, 376 PARQUE LAG            06795000                                                            000002
100000 000000000000 00090345100325490REGTIT30881429421793     0002020000005930800100000000002N           2  02000593080003031900000000083350000000099N040918000000000000000060000000000000000000000000000000000000000000000100002479075451EDNA DA SILVA NASCIMENTO PAES LADIM     RUA: DO VIOLINO, 211 PORTAL DA CIDADE PE            56300000                                                            000003
100000 000000000000 00090345100325490REGTIT30881833681025     0002020000005949712200000000002N           2  02000594971220031900000000030800000000099N291018000000000000000020000000000000000000000000000000000000000000000100004064111907JOELMA DE OLIVEIRA PINHEIRO             PROJETADA C, 90 HENRIQUE MARTELOSSO CENT            87170000                                                            000004
100000 000000000000 00090345100325490REGTIT30881944955334     0002020000005994287800000000002N           2  01000599428722041900000000150000000000099N210319000000000000000100000000000000000000000000000000000000000000000100084632445304HILZETE RODRIGUES ARAUJO                RUA ALAGOAS, 520 JUCARA IMPERATRIZ MA               65919170                                                            000005
100000 000000000000 00090345100325490REGTIT30882032830644     0002020000005930483900000000002N           2  02000593048328021900000000090000000000099N030918000000000000000060000000000000000000000000000000000000000000000100002917790423ANA LEONOR DOS ANJOS                    RUA DA LIBERDADE, 31 DOM AVELAR PETROLIN            56300000                                                            000006
100000 000000000000 00090345100325490REGTIT30882049788555     0002020000005992995200000000002N           2  02000599299525041900000000319280000000099N140319000000000000000210000000000000000000000000000000000000000000000100094355703800DAVINA JOCELINA SANTOS LOPES            ROQUE DE MINGO, 523 JARDIM SAMARA SAO PA            05759290                                                            000007
100000 000000000000 00090345100325490REGTIT30882121493385     0002020000005917511700000000002N           2  02000591751112041900000000105560000000099N170718000000000000000070000000000000000000000000000000000000000000000100034073205404CLEIDE MARIA GOMES                      RUA: RIACHUELO, 250 PALHINHAS PETROLINA             56300000                                                            000008
100000 000000000000 00090345100325490REGTIT30882218209492     0002020000005994280000000000002N           2  01000599428022041900000000115000000000099N210319000000000000000080000000000000000000000000000000000000000000000100041802888349ANTONIO ALVES DA COSTA                  RUA ALAGOAS, 520 JUCARA IMPERATRIZ MA               65919170                                                            000009
100000 000000000000 00090345100325490REGTIT30882414223522     0002020000005928959700000000002N           2  02000592895925021900000000158350000000099N270818000000000000000110000000000000000000000000000000000000000000000100059985518420CICERO JOCELMO COSTA DA SILVA           RUA: 17, 36 RIO CORRENTE PETROLINA PE               56300000                                                            000010
100000 000000000000 00090345100325490REGTIT30882470847960     0002020000005994302500000000002N           2  01000599430221041900000000175000000000099N210319000000000000000120000000000000000000000000000000000000000000000100047525160805YURI RICARDO LIMA                       ELIZABETH, 39 JARDIM SANTO EDUARDO EMBU             06823550                                                            000011
100000 000000000000 00090345100325490REGTIT30883024990889     0002020000005994291600000000002N           2  01000599429129041900000000120000000000099N210319000000000000000080000000000000000000000000000000000000000000000100036549932300MARIA RAIMUNDA MARQUES DE SOUZA         RUA ALAGOAS, 520 JUCARA IMPERATRIZ MA               65919170                                                            000012
100000 000000000000 00090345100325490REGTIT30883624871480     0002020000005979054700000000002N           2  02000597905410031900000000140000000000099N080219000000000000000090000000000000000000000000000000000000000000000100000568000293SHEILA DOS SANTOS LOPES                 RIO DA SÉ, 00 CACHOEIRA DO ARARI CACHOEI            66840000                                                            000013
100000 000000000000 00090345100325490REGTIT30883796899306     0002020000005928619900000000002N           2  02000592861928021900000000108350000000099N250818000000000000000070000000000000000000000000000000000000000000000100069348863487CICERA DE SOUZA SANTOS                  RUA: DO REPOUSO, 69 DOM AVELAR PETROLINA            56300000                                                            000014
100000 000000000000 00090345100325490REGTIT30883914538783     0002020000005994296700000000002N           2  01000599429629031900000001900000000000099N210319000000000000001270000000000000000000000000000000000000000000000228881675000106SUPER SER BEM EIRELI                    RUA ANTONIO TORTATO, 157 UBERABA CURITIB            81590546                                                            000015
100000 000000000000 00090345100325490REGTIT30884031137153     0002020000005949506500000000002N           2  02000594950623021900000000108330000000099N271018000000000000000070000000000000000000000000000000000000000000000100074734377472MARIA DO SOCORRO DOS SANTOS SILVA       RUA: DAS FLORES, 78 AGROVILA MASSANGANO             56300000                                                            000016
100000 000000000000 00090345100325490REGTIT30884129464622     0002020000005978950600000000002N           2  02000597895028031900000000057500000000099N070219000000000000000040000000000000000000000000000000000000000000000100009564468922SONIA BARBOSA SANTIAGO                  INDEPENDENCIA, 0 CENTRO OURIZONA PR                 87170000                                                            000017
100000 000000000000 00090345100325490REGTIT30884215028497     0002020000005994295900000000002N           2  01000599429505041900000000150000000000099N210319000000000000000100000000000000000000000000000000000000000000000235779529000130CASAL                                   R JOSE AGUIAR FRANCO, 211 E 371 COSTA DO            27923320                                                            000018
100000 000000000000 00090345100325490REGTIT30884231834837     0002020000005994272P00000000002N           2  01000599427230041900000000087500000000099N210319000000000000000060000000000000000000000000000000000000000000000100099610418368ANTONIO PEREIRA DA CUNHA                RUA ALAGOAS, 520 JUCARA IMPERATRIZ MA               65919170                                                            000019
100000 000000000000 00090345100325490REGTIT30884614937831     0002020000005919903200000000002N           2  02000591990305031900000000400000000000099N010818000000000000000270000000000000000000000000000000000000000000000100051135278822NATANAEL OLIVEIRA DIAS                  SERRA NEGRA, 41 JARDIM DOM JOSE EMBU SP             06824095                                                            000020
100000 000000000000 00090345100325490REGTIT30884715847186     0002020000005950122700000000002N           2  02000595012203031900000000160000000000099N011118000000000000000110000000000000000000000000000000000000000000000100000884060241VALRINEY RODRIGUES PADILHA              PRIMAVERA, 64 TAPANA (ICOARACI) BELEM PA            66825140                                                            000021
100000 000000000000 00090345100325490REGTIT30884745577946     0002020000005896431200000000002N           2  02000589643122021900000000400000000000099N110518000000000000000270000000000000000000000000000000000000000000000100001033196118MARIA CRISTINDA SILVA MEDEIROS          CARLOS LACERDA, 1406 PIRAJUSSARA SAO PAU            05789001                                                            000022
100000 000000000000 00090345100325490REGTIT30885702377433     0002020000005994286P00000000002N           2  01000599428621041900000001500000000000099N210319000000000000001000000000000000000000000000000000000000000000000100041576806855VINICIUS NOGUEIRA ROZA                  MARGARIDA, 752 JARDIM MARGARIDA TABOAO D            06786280                                                            000023
100000 000000000000 00090345100325490REGTIT30885774402129     0002020000005946843200000000002N           2  02000594684310031900000000100000000000099N101018000000000000000070000000000000000000000000000000000000000000000100021421200406FRANCISCO DIASSIS DE SOUZA              03, 01 VILA VELHA PROJETO N 8 PETROLINA             56300000                                                            000024
100000 000000000000 00090345100325490REGTIT30885774402129     0002020000005946844000000000002N           2  02000594684410041900000000100000000000099N101018000000000000000070000000000000000000000000000000000000000000000100021421200406FRANCISCO DIASSIS DE SOUZA              03, 01 VILA VELHA PROJETO N 8 PETROLINA             56300000                                                            000025
100000 000000000000 00090345100325490REGTIT30885776076929     0002020000005910247000000000002N           2  02000591024727021900000000125000000000099N280618000000000000000080000000000000000000000000000000000000000000000100012728378827ELIANE DE SOUZA SILVA                   RUA: JOSE LOPES DINIZ, 385 VILA MARCELA             56300000                                                            000026
100000 000000000000 00090345100325490REGTIT30885795073476     0002020000005993910900000000002N           2  02000599391025031900000000106410000000099N190319000000000000000070000000000000000000000000000000000000000000000100042295354811LUCAS TERTO DA SILVA                    BENEDITO AFONSO SIQUEIRA, 246 PARQUE PIN            06766160                                                            000027
100000 000000000000 00090345100325490REGTIT30885874729487     0002020000005936995700000000002N           2  02000593699506031900000000075000000000099N120918000000000000000050000000000000000000000000000000000000000000000100014585600400JOAO DIAS DA SILVA                      RUA: 02, 298 PEDRO RAIMUNDO PETROLINA PE            56300000                                                            000028
100000 000000000000 00090345100325490REGTIT30885948761494     0002020000005939597400000000002N           2  02000593959725021900000000050000000000099N270918000000000000000030000000000000000000000000000000000000000000000100008767596495ADRIANA SILVA SOARES                    RUA: DA PAZ, 155 AGROVILA MASSANGANO PET            56300000                                                            000029
100000 000000000000 00090345100325490REGTIT30885998390143     0002020000005929042000000000002N           2  02000592904205031900000000100000000000099N270818000000000000000070000000000000000000000000000000000000000000000100003460730498MARIA GIRLENE DA SILVA SOARES           RUA: M, 05 PROJETO N 10 PETROLINA PE                56300000                                                            000030
100000 000000000000 00090345100325490REGTIT30886020670727     0002020000005994299100000000002N           2  01000599429922041900000000240000000000099N210319000000000000000160000000000000000000000000000000000000000000000100003251614371GLEISON DE SOUSA FEITOSA                RUA ALAGOAS, 520 JUCARA IMPERATRIZ MA               65919170                                                            000031
100000 000000000000 00090345100325490REGTIT30886035041978     0002020000005994298300000000002N           2  01000599429821041900000000833340000000099N210319000000000000000560000000000000000000000000000000000000000000000100085657034449VERONEIDE CRISTINA DE ALBUQUERQUE SILVA GUILHERME VOKURKA, 603 JARDIM PIRACUAMA             05763410                                                            000032
100000 000000000000 00090345100325490REGTIT30886089819359     0002020000005994265700000000002N           2  01000599426521041900000000812490000000099N210319000000000000000540000000000000000000000000000000000000000000000100033112787803VANGIVALDO SOUZA NOVAIS                 MAJOR FREIRE,, 134 CAMPO LIMPO SAO PAULO            04304110                                                            000033
100000 000000000000 00090345100325490REGTIT30886391371749     0002020000005920020000000000002N           2  02000592002028021900000000130000000000099N020818000000000000000090000000000000000000000000000000000000000000000100007927186400FRANCISCA ARTUR DE MELO                 RUA: A, 94 PROJETO N 3 PETROLINA  PE                56300000                                                            000034
100000 000000000000 00090345100325490REGTIT30886492530918     0002020000005950741100000000002N           2  02000595074103031900000000071670000000099N061118000000000000000050000000000000000000000000000000000000000000000100006679506484MARIA DAS DORES DA SILVA                RUA 11, 155 JOAO DE DEUS PETROLINA PE               56300000                                                            000035
100000 000000000000 00090345100325490REGTIT30886596631631     0002020000005994276200000000002N           2  01000599427630041900000000115000000000099N210319000000000000000080000000000000000000000000000000000000000000000100071566457300OTAVIO SILVINO DOS SANTOS               RUA ALAGOAS, 520 JUCARA IMPERATRIZ MA               65919170                                                            000036
100000 000000000000 00090345100325490REGTIT30886973823420     0002020000005994266500000000002N           2  01000599426620041900000000100000000000099N210319000000000000000070000000000000000000000000000000000000000000000100002768434361KATIANE DA CONCEIÇÃO                    RUA ALAGOAS, 520 JUCARA IMPERATRIZ MA               65919170                                                            000037
100000 000000000000 00090345100325490REGTIT30886973823420     0002020000005994267300000000002N           2  01000599426720051900000000100000000000099N210319000000000000000070000000000000000000000000000000000000000000000100002768434361KATIANE DA CONCEIÇÃO                    RUA ALAGOAS, 520 JUCARA IMPERATRIZ MA               65919170                                                            000038
100000 000000000000 00090345100325490REGTIT30887054634255     0002020000005937042400000000002N           2  02000593704206031900000000108350000000099N120918000000000000000070000000000000000000000000000000000000000000000100006278946319ALINE CRUZ DO NASCIMENTO                RUA: G, 50 PROJETO C 02 PETROLINA PE                56300000                                                            000039
100000 000000000000 00090345100325490REGTIT30887267735265     0002020000005949576600000000002N           2  02000594957624021900000000128330000000099N291018000000000000000090000000000000000000000000000000000000000000000100053541863315IZIDORIO FRANCISCO DOS REIS             RUA: RIO GRANDE DO SUL, 112 JOSE E MARIA            56300000                                                            000040
100000 000000000000 00090345100325490REGTIT30887368371929     0002020000005994271100000000002N           2  01000599427121041900000000450000000000099N210319000000000000000300000000000000000000000000000000000000000000000100035105643836VANDECLER CAETANO DE PAULA              MARIA GOMES DA SILVA, 147 JARDIM AURÉLIO            05857225                                                            000041
100000 000000000000 00090345100325490REGTIT30887707844662     0002020000005959344P00000000002N           2  02000595934428021900000000058330000000099N281118000000000000000040000000000000000000000000000000000000000000000100036388289487JOSE ANTONIO DOS SANTOS                 RUA 13, 220 VILA MARCELA PETROLINA PE               56300000                                                            000042
100000 000000000000 00090345100325490REGTIT30887838470426     0002020000005959126900000000002N           2  02000595912627021900000000112500000000099N271118000000000000000080000000000000000000000000000000000000000000000100002692615409IRACEMA DA SILVA ALVES                  QUADRA D, 01 PROJETO N 10 PETROLINA PE              56300000                                                            000043
100000 000000000000 00090345100325490REGTIT30888278069053     0002020000005958868300000000002N           2  02000595886826031900000000029980000000099N261118000000000000000020000000000000000000000000000000000000000000000100004064111907JOELMA DE OLIVEIRA PINHEIRO             PROJETADA C, 90 HENRIQUE MARTELOSSO CENT            87170000                                                            000044
100000 000000000000 00090345100325490REGTIT30889050405733     0002020000005899030500000000002N           2  02000589903022021900000000095000000000099N220518000000000000000060000000000000000000000000000000000000000000000100090134583434ISRRAEL DOS SANTOS                      RUA: 15, 05 PROJETO MARIA TEREZA PETROLI            56300000                                                            000045
100000 000000000000 00090345100325490REGTIT30889725445616     0002020000005994284300000000002N           2  01000599428405041900000000110000000000099N210319000000000000000070000000000000000000000000000000000000000000000235779529000130CASAL                                   R JOSE AGUIAR FRANCO, 211 E 371 COSTA DO            27923320                                                            000046
100000 000000000000 00090345100325490REGTIT30889783566784     0002020000005918949500000000002N           2  02000591894923021900000000150000000000099N250718000000000000000100000000000000000000000000000000000000000000000100086833383472VALDEMIR FRANCISCO DA SILVA             RUA: 54, 260 JOAO DE DEUS PETROLINA PE              56300000                                                            000047
9                                                                                                                                                                                                                                                                                                                                                                                                         000048