01REMESSA01COBRANCA       00000000000004972103WC SISTEMAS E EQUIPAMENTOS DE 237BRADESCO       150319        MX0002630                                                                                                                                                                                                                                                                                     000001
100000 000000000000 00090345100240370REGTIT263099706375110    0002020090005993130300000000002N           2  01997063751118041900000000202200000000099N150319000000000000000300000000000000000000000000000000000000000000000222183196000130ANA CAROLINA SCHNEIDER POS SANTES       RUA TENENTE CELSO SOARES, 493                       83306100                                                            000002
100000 000000000000 00090345100240370REGTIT263099712666891    0002020090005993152400000000002N           2  01997126668915031900000000235770000000099N150319000000000000000350000000000000000000000000000000000000000000000100083624813900SILVANA BATISTA DA SILVA                RUA ALMIRANTE ALEXANDRINO, 402                      83040420                                                            000003
100000 000000000000 00090345100240370REGTIT2630997017794986   0002020090005993135400000000002N           2  01997017794925031900000000195310000000099N150319000000000000000290000000000000000000000000000000000000000000000213252405000169MASTER AUDIO CAR                        AVENIDA ARCHELAU DE ALMEIDA TORRES, 1560            83701145                                                            000004
100000 000000000000 00090345100240370REGTIT2630997017797490   0002020090005993137000000000002N           2  01997017797425051900000000195310000000099N150319000000000000000290000000000000000000000000000000000000000000000213252405000169MASTER AUDIO CAR                        AVENIDA ARCHELAU DE ALMEIDA TORRES, 1560            83701145                                                            000005
100000 000000000000 00090345100240370REGTIT2630997017799600   0002020090005993136200000000002N           2  01997017799625041900000000195310000000099N150319000000000000000290000000000000000000000000000000000000000000000213252405000169MASTER AUDIO CAR                        AVENIDA ARCHELAU DE ALMEIDA TORRES, 1560            83701145                                                            000006
100000 000000000000 00090345100240370REGTIT2630997063781144   0002020090005993129P00000000002N           2  01997063781118031900000000202200000000099N150319000000000000000300000000000000000000000000000000000000000000000222183196000130ANA CAROLINA SCHNEIDER POS SANTES       RUA TENENTE CELSO SOARES, 493                       83306100                                                            000007
100000 000000000000 00090345100240370REGTIT2630997090862841   0002020090005993131100000000002N           2  01997090862818031900000000539200000000099N150319000000000000000810000000000000000000000000000000000000000000000215480972000106ANT INDUSTRIA E COMERCIO DE TINTAS LTDA RUA MANDAGUARI, 1487                                83324410                                                            000008
100000 000000000000 00090345100240370REGTIT2630997254145924   0002020090005993133800000000002N           2  01997254145918041900000000222780000000099N150319000000000000000330000000000000000000000000000000000000000000000228778818000159MARIA HELENA BRUGG PINTO DA SILVEIRA    AV CAETANO MUNHOZ DA ROCHA, 627                     83750000                                                            000009
100000 000000000000 00090345100240370REGTIT2630997254158614   0002020090005993132P00000000002N           2  01997254158618031900000000222780000000099N150319000000000000000330000000000000000000000000000000000000000000000228778818000159MARIA HELENA BRUGG PINTO DA SILVEIRA    AV CAETANO MUNHOZ DA ROCHA, 627                     83750000                                                            000010
100000 000000000000 00090345100240370REGTIT2630997254170230   0002020090005993134600000000002N           2  01997254170218051900000000222780000000099N150319000000000000000330000000000000000000000000000000000000000000000228778818000159MARIA HELENA BRUGG PINTO DA SILVEIRA    AV CAETANO MUNHOZ DA ROCHA, 627                     83750000                                                            000011
9                                                                                                                                                                                                                                                                                                                                                                                                         000012