01REMESSA01COBRANCA       00000000000004972103WC SISTEMAS E EQUIPAMENTOS DE 237BRADESCO       130319        MX0002623                                                                                                                                                                                                                                                                                     000001
100000 000000000000 00090345100240370REGTIT26231812071852     0002020000005964830900000000002N           2  04181207185228121800000000179700000000099N061218000000000000000270000000000000000000000000000000000000000079900100092148956949LUIZ ANTONIO MANEGUSSO                  VEREADOR WADISLAU BUGALSKI, 4712                    83507270                                                            000002
100000 000000000000 00090345100240370REGTIT26231902069537     0002020000005981875100000000002N           2  02190206953728021900000001334450000000099N080219000000000000002000000000000000000000000000000000000000000000000211071567000175ECOPARQUE RECANTO SERTANEJO LTDA ME     RUA EMERSON GREBOGE, 2433                           83085480                                                            000003
100000 000000000000 00090345100240370REGTIT26231902071831     0002020000005982986900000000002N           2  02190207183128021900000000079900000000099N080219000000000000000120000000000000000000000000000000000000000000000208438405000118JOSIANE PRANGE                          ,R JOSE LEAL FONTOURA, 668                          83414190                                                            000004
100000 000000000000 00090345100240370REGTIT2623997010972971   0002020090005992804300000000002N           2  01997010972925031900000000314700000000099N130319000000000000000470000000000000000000000000000000000000000000000221651772000163ADELITA BECKER HONORTO                  AVENIDA PREFEITO ERASTO GAERTNER , 113              82510160                                                            000005
100000 000000000000 00090345100240370REGTIT2623997210728683   0002020090005992799300000000002N           2  01997210728614031900000000299400000000099N130319000000000000000450000000000000000000000000000000000000000000000222854247000108DRO2 GASES HOSPITALARES E INDUSTRIAIS LTRUA ANTONIO ZIELONKA, 600                           83323210                                                            000006
100000 000000000000 00090345100240370REGTIT2623997254714840   0002020090005992796900000000002N           2  01997254714818031900000000137430000000099N130319000000000000000210000000000000000000000000000000000000000000000230455705000164POP CIC COMERCIO DE ALIMENTOS LTDA      R PROFESSOR ALGACYR MUNHOZ MADER, 4635              81350010                                                            000007
100000 000000000000 00090345100240370REGTIT2623997254728705   0002020090005992797700000000002N           2  01997254728718041900000000137430000000099N130319000000000000000210000000000000000000000000000000000000000000000230455705000164POP CIC COMERCIO DE ALIMENTOS LTDA      R PROFESSOR ALGACYR MUNHOZ MADER, 4635              81350010                                                            000008
100000 000000000000 00090345100240370REGTIT2623997254766760   0002020090005992798500000000002N           2  01997254766718051900000000137430000000099N130319000000000000000210000000000000000000000000000000000000000000000230455705000164POP CIC COMERCIO DE ALIMENTOS LTDA      R PROFESSOR ALGACYR MUNHOZ MADER, 4635              81350010                                                            000009
9                                                                                                                                                                                                                                                                                                                                                                                                         000010