01REMESSA01COBRANCA       00000000000004852239ISPCN                         237BRADESCO       150319        MX0003048                                                                                                                                                                                                                                                                                     000001
100000 000000000000 00090345100325490REGTIT30481184663118     0002020000005908983000000000002N           2  02000590898319031900000000046970000000099N190618000000000000000030000000000000000000000000000000000000000000000100008867173960GESSICA ALINE CARUZO                    ARITA, 880 CASA CENTRO OURIZONA PR                  87170000                                                            000002
100000 000000000000 00090345100325490REGTIT30481317875521     0002020000005977640400000000002N           2  02000597764010031900000000056750000000099N280119000000000000000040000000000000000000000000000000000000000000000100045030779884ADRIANE PEREIRA DE SOUZA                RUA QUATRO, 102 JARDIM PAULISTA MONTE MO            13190000                                                            000003
100000 000000000000 00090345100325490REGTIT30481415307885     0002020000005993193000000000002N           2  01000599319315041900000005000000000000099N150319000000000000003330000000000000000000000000000000000000000000000100090955196353MARIA ALVES PEREIRA DOS SANTOS          FLÁVIO DOHOCZKI, 469 JARDIM MARIA LUIZA             06770200                                                            000004
100000 000000000000 00090345100325490REGTIT30481683602192     0002020000005926169200000000002N           2  02000592616925031900000000140000000000099N100818000000000000000190000000000000000000000000000000000000000000000100080639445853EZEQUIEL UZIAS CESAR                    ESTRADA SERRA DO JAIRE, 100 CASA MONTE S            06685399                                                            000005
100000 000000000000 00090345100325490REGTIT30481769723275     0002020000005937884000000000002N           2  02000593788413031900000000095000000000099N180918000000000000000060000000000000000000000000000000000000000000000100002151906450MARIA DO SOCORRO NUNES LIMA             RUA DAS GARDENEAS, 35 DOM MALAN PETROLIN            56300000                                                            000006
100000 000000000000 00090345100325490REGTIT30482090977347     0002020000005902819P00000000002N           2  02000590281915031900000000072000000000099N090618000000000000000050000000000000000000000000000000000000000000000100006820582110BIANCA MARIA DE MELO                    TAMBAQUI, 14 JARDIM CENTRO OESTE CAMPO G            79073152                                                            000007
100000 000000000000 00090345100325490REGTIT30482808588730     0002020000005985164300000000002N           2  02000598516416031900000000038950000000099N160219000000000000000030000000000000000000000000000000000000000000000100007894933902JAQUELINE MARQUESETTI                   PIONEIROS, 42 CENTRO OURIZONA PR                    87170000                                                            000008
100000 000000000000 00090345100325490REGTIT30482966015744     0002020000005968314700000000002N           2  02000596831420031900000000239000000000099N211218000000000000000160000000000000000000000000000000000000000000000100001535189363ADRIANA BENTO MARTINS                   QUADRA 13 LOTE, 04 CS 04 MANSSOES POR DO            72915475                                                            000009
100000 000000000000 00090345100325490REGTIT30483242628723     0002020000005966619600000000002N           2  02000596661911031900000000059270000000099N111218000000000000000040000000000000000000000000000000000000000000000100008778073960ADAILTON DO NASCIMENTO MENEZES          PIONEIRO MIGUEL ELVIRA, 13 CONJ AMADO OU            87170000                                                            000010
100000 000000000000 00090345100325490REGTIT30483666227898     0002020000005993185P00000000002N           2  01000599318515041900000000240000000000099N150319000000000000000160000000000000000000000000000000000000000000000100010106447858MAURO FERREIRA MARTINS                  ORLANDO ALBUQUERQUE ORLANDINO, 42 PARQUE            06766170                                                            000011
100000 000000000000 00090345100325490REGTIT30483952600223     0002020000005957592100000000002N           2  02000595759217031900000000056300000000099N171118000000000000000040000000000000000000000000000000000000000000000100074486837991LUCIMAR FATIMA CALVO                    ARITA, 1530 CENTRO OURIZONA PR                      87170000                                                            000012
100000 000000000000 00090345100325490REGTIT30484150957734     0002020000005993174400000000002N           2  01000599317415041900000002421000000000099N150319000000000000001610000000000000000000000000000000000000000000000100016933294846OZILEUDA CORDEIRO DE SOUTO              AV BRASIL, 874 JD. AMÉRICA TABOÃO DA SER            06756370                                                            000013
100000 000000000000 00090345100325490REGTIT30484245778396     0002020000005993178700000000002N           2  01000599317815041900000000539000000000099N150319000000000000000360000000000000000000000000000000000000000000000100068573472553OSVALDO DOS SANTOS BORGES               ELIZABETE, 186 ATUAL 101 JD SANTO EDUARD            06823550                                                            000014
100000 000000000000 00090345100325490REGTIT30484610922353     0002020000005897777500000000002N           2  02000589777716031900000000111190000000099N160518000000000000000070000000000000000000000000000000000000000000000100008867173960GESSICA ALINE CARUZO                    ARITA, 880 CASA CENTRO OURIZONA PR                  87170000                                                            000015
100000 000000000000 00090345100325490REGTIT30484646220807     0002020000005976976900000000002N           2  02000597697620021900000000164000000000099N230119000000000000000110000000000000000000000000000000000000000000000100002677248964JULIO CESAR DOS SANTOS                  HABIB SARKIS, 175 HABITAT AFONSO PENA SA            83045725                                                            000016
100000 000000000000 00090345100325490REGTIT30484660486173     0002020000005949092600000000002N           2  02000594909225031900000000300000000000099N251018000000000000000200000000000000000000000000000000000000000000000100096277785834ANTONIO BENEVIDES M PRADO               ENEIDE BOCATTO DE BARROS, 74 JARDIM VIST            13458584                                                            000017
100000 000000000000 00090345100325490REGTIT30485044749764     0002020000005946909900000000002N           2  02000594690910031900000000075000000000099N101018000000000000000050000000000000000000000000000000000000000000000100004670697439KEZIA   JUVYANE   ALVES   FERREIRA      RUA  DA  GITIRANA, N 315 AREIA  BRANCA              56300000                                                            000018
100000 000000000000 00090345100325490REGTIT30485185215373     0002020000005957604900000000002N           2  02000595760417031900000000058880000000099N171118000000000000000040000000000000000000000000000000000000000000000100074486837991LUCIMAR FATIMA CALVO                    ARITA, 1530 CENTRO OURIZONA PR                      87170000                                                            000019
100000 000000000000 00090345100325490REGTIT30485266757971     0002020000005993187600000000002N           2  01000599318715041900000000433320000000099N150319000000000000000290000000000000000000000000000000000000000000000100031243560800MAYRA DE MEDEIROS BOTELHO               FRANCISCO BARRIGA DE SOUZA, 428 PQ YPÊ S            05762070                                                            000020
100000 000000000000 00090345100325490REGTIT30485878237407     0002020000005938254600000000002N           2  02000593825410031900000000085000000000099N200918000000000000000060000000000000000000000000000000000000000000000100068201079434MARIA DE FATIMA DA CONCEICAO ALVES      RUA 24, 301 PEDRO RAIMUNDO PETROLINA PE             56300000                                                            000021
100000 000000000000 00090345100325490REGTIT30486192004303     0002020000005957598000000000002N           2  02000595759817031900000000056560000000099N171118000000000000000040000000000000000000000000000000000000000000000100074486837991LUCIMAR FATIMA CALVO                    ARITA, 1530 CENTRO OURIZONA PR                      87170000                                                            000022
100000 000000000000 00090345100325490REGTIT30486715456338     0002020000005939119700000000002N           2  02000593911920021900000000180000000000099N250918000000000000000120000000000000000000000000000000000000000000000100010093377851ANA LUCIA FRANCHI DE ALMEIDA            PERNAMBUCO, 324 VILA BRASIL SANTA BÁRBAR            13450000                                                            000023
100000 000000000000 00090345100325490REGTIT30486745799018     0002020000005928984800000000002N           2  02000592898414021900000000095000000000099N270818000000000000000060000000000000000000000000000000000000000000000100002539712410JOSE EDMILSON DE ARAUJO VITORINO        RUA 47, 110 SAO GONCAALO PETROLINA PE               56300000                                                            000024
100000 000000000000 00090345100325490REGTIT30487076723558     0002020000005966467300000000002N           2  02000596646705031900000000145670000000099N111218000000000000000100000000000000000000000000000000000000000000000100045798982904JOAO DO CARMO COSTA                     ANTONIO DUARTE, 318 CARVALHO HENRIQUE BA            86360000                                                            000025
100000 000000000000 00090345100325490REGTIT30487141971617     0002020000005947905100000000002N           2  02000594790517021900000000158330000000099N181018000000000000000110000000000000000000000000000000000000000000000100002132922462MARIA  EMILIA  SANTOS  ARAUJO           RUA  PADRE  FRAGLA, N 370 CENTRO PETROLI            56300000                                                            000026
100000 000000000000 00090345100325490REGTIT30487173717452     0002020000005947651600000000002N           2  02000594765110031900000000091670000000099N161018000000000000000060000000000000000000000000000000000000000000000100031098550463MARIA  DO  CARMO  SILVA                 RUA  RIO  PAJEU, N 84 JOSE  E  MARIA PET            56300000                                                            000027
100000 000000000000 00090345100325490REGTIT30487214239057     0002020000005993172800000000002N           2  01000599317215041900000004000000000000099N150319000000000000002670000000000000000000000000000000000000000000000100010017339839PRUDENCIA ALVES CARDOSO DE OLIVEIRA     ALIPIO DOMINGUES MANDU,, 33 JD LEME  TAB            06773130                                                            000028
100000 000000000000 00090345100325490REGTIT30488451319717     0002020000005993189200000000002N           2  01000599318915041900000003880000000000099N150319000000000000002590000000000000000000000000000000000000000000000100002291121880MARIA DE FATIMA FERREIRA SANTOS OLIVEIRAPALMEIRAS,, 47 CAMPO LIMPO S PAULO SP               00000000                                                            000029
100000 000000000000 00090345100325490REGTIT30489216660463     0002020000005975932100000000002N           2  02000597593217031900000000062900000000099N160119000000000000000040000000000000000000000000000000000000000000000100074486837991LUCIMAR FATIMA CALVO                    ARITA, 1530 CENTRO OURIZONA PR                      87170000                                                            000030
100000 000000000000 00090345100325490REGTIT30489582068564     0002020000005985101500000000002N           2  02000598510116031900000000275000000000099N160219000000000000000180000000000000000000000000000000000000000000000100062481991915ELZA SALVAGNINI SILVA                   AGUAS DE SAO PEDRO, 484 SAO JOAQUIM SBO             13450000                                                            000031
100000 000000000000 00090345100325490REGTIT30489734086100     0002020000005947101800000000002N           2  02000594710108031900000000265000000000099N111018000000000000000180000000000000000000000000000000000000000000000100069608717434EDINILDA GUIMARAES DE SOUZA             RUA: 29, 50 PROJETO MARIA TEREZA KM 25 P            56300000                                                            000032
100000 000000000000 00090345100325490REGTIT30489897625520     0002020000005976120200000000002N           2  02000597612017031900000000096500000000099N170119000000000000000060000000000000000000000000000000000000000000000100035949651987NELSON PEDRO BATHEKE                    DOMINGOS AGABITO BUDEL, 221 BUTIATUVINHA            82400390                                                            000033
100000 000000000000 00090345100325490REGTIT30489914436340     0002020000005993176000000000002N           2  01000599317615041900000001589280000000099N150319000000000000001060000000000000000000000000000000000000000000000100028962652870OTAVIO AUGUSTO RODRIGUES JUNIOR         DO MANIFESTO - DE 1091/1092 A 1629/1630,            04209001                                                            000034
9                                                                                                                                                                                                                                                                                                                                                                                                         000035