01REMESSA01COBRANCA       00000000000004852239ISPCN                         237BRADESCO       150319        MX0003043                                                                                                                                                                                                                                                                                     000001
100000 000000000000 00090345100325490REGTIT30431628949683     0002020000005993074800000000002N           2  01000599307415041900000001458000000000099N150319000000000000000970000000000000000000000000000000000000000000000210498764000889FINOBRASA FILIAL 8                      PROJETO IRRIGADO SENADOR NILO COELHO, 15            56300992                                                            000002
100000 000000000000 00090345100325490REGTIT30432745059571     0002020000005993049700000000002N           2  01000599304920041900000000400000000000099N150319000000000000000270000000000000000000000000000000000000000000000100031643201832JOSÉ LUIS DOS SANTOS                    DOUTOR CICERO VIEIRA, 104 JARDIM MARIA S            05790220                                                            000003
100000 000000000000 00090345100325490REGTIT30432808588730     0002020000005985164300000000002N           2  02000598516416031900000000038950000000099N160219000000000000000030000000000000000000000000000000000000000000000100007894933902JAQUELINE MARQUESETTI                   PIONEIROS, 42 CENTRO OURIZONA PR                    87170000                                                            000004
100000 000000000000 00090345100325490REGTIT30433242628723     0002020000005966619600000000002N           2  02000596661911031900000000059270000000099N111218000000000000000040000000000000000000000000000000000000000000000100008778073960ADAILTON DO NASCIMENTO MENEZES          PIONEIRO MIGUEL ELVIRA, 13 CONJ AMADO OU            87170000                                                            000005
100000 000000000000 00090345100325490REGTIT30433584532410     0002020000005993075600000000002N           2  01000599307515041900000000221500000000099N150319000000000000000150000000000000000000000000000000000000000000000273347817000104GAUTERIO ESCAVACOES                     ESTRADA DO RINCAO, 5600 BELEM VELHO PORT            91787380                                                            000006
100000 000000000000 00090345100325490REGTIT30433952600223     0002020000005957592100000000002N           2  02000595759217031900000000056300000000099N171118000000000000000040000000000000000000000000000000000000000000000100074486837991LUCIMAR FATIMA CALVO                    ARITA, 1530 CENTRO OURIZONA PR                      87170000                                                            000007
100000 000000000000 00090345100325490REGTIT30434199330748     0002020000005993048900000000002N           2  01000599304815041900000000600000000000099N150319000000000000000400000000000000000000000000000000000000000000000225096562000101M.M.S LOCAÇÕES E TURISMO-ME             PADRE FRANCISCO MARIA TALLES, 95 SALA 01            28860000                                                            000008
100000 000000000000 00090345100325490REGTIT30435185215373     0002020000005957604900000000002N           2  02000595760417031900000000058880000000099N171118000000000000000040000000000000000000000000000000000000000000000100074486837991LUCIMAR FATIMA CALVO                    ARITA, 1530 CENTRO OURIZONA PR                      87170000                                                            000009
100000 000000000000 00090345100325490REGTIT30436192004303     0002020000005957598000000000002N           2  02000595759817031900000000056560000000099N171118000000000000000040000000000000000000000000000000000000000000000100074486837991LUCIMAR FATIMA CALVO                    ARITA, 1530 CENTRO OURIZONA PR                      87170000                                                            000010
100000 000000000000 00090345100325490REGTIT30436870021828     0002020000005993061600000000002N           2  01000599306115041900000000001000000000099N150319000000000000000000000000000000000000000000000000000000000000000273347817000104GAUTERIO ESCAVACOES                     ESTRADA DO RINCAO, 5600 BELEM VELHO PORT            91787380                                                            000011
100000 000000000000 00090345100325490REGTIT30437498484924     0002020000005993076400000000002N           2  01000599307615041900000000168000000000099N150319000000000000000110000000000000000000000000000000000000000000000100047293718870DENIS CANDIDO PONTES                    RUA JAVANES, 03 MONTANHAO SAO BERNARDO D            09784510                                                            000012
100000 000000000000 00090345100325490REGTIT30439216660463     0002020000005975932100000000002N           2  02000597593217031900000000062900000000099N160119000000000000000040000000000000000000000000000000000000000000000100074486837991LUCIMAR FATIMA CALVO                    ARITA, 1530 CENTRO OURIZONA PR                      87170000                                                            000013
100000 000000000000 00090345100325490REGTIT30439897625520     0002020000005976120200000000002N           2  02000597612017031900000000096500000000099N170119000000000000000060000000000000000000000000000000000000000000000100035949651987NELSON PEDRO BATHEKE                    DOMINGOS AGABITO BUDEL, 221 BUTIATUVINHA            82400390                                                            000014
9                                                                                                                                                                                                                                                                                                                                                                                                         000015