01REMESSA01COBRANCA       00000000000004852239ISPCN                         237BRADESCO       130319        MX0003020                                                                                                                                                                                                                                                                                     000001
100000 000000000000 00090345100325490REGTIT30201270278286     0002020000005987757P00000000002N           2  01000598775713041900000000620000000000099N130319000000000000000410000000000000000000000000000000000000000000000210498764000889FINOBRASA FILIAL 8                      PROJETO IRRIGADO SENADOR NILO COELHO, 15            56300992                                                            000002
100000 000000000000 00090345100325490REGTIT30201300688212     0002020000005984522800000000002N           2  01000598452212051900000000100000000000099N120219000000000000000070000000000000000000000000000000000000000000000100005792997594HEVERTON RIBEIRO DOS SANTOS             AV. WLISSES DE CASTRO, 700 CASA CENTRO F            47800000                                                            000003
100000 000000000000 00090345100325490REGTIT30201456191539     0002020000005977015500000000002N           2  02000597701513021900000000203500000000099N230119000000000000000140000000000000000000000000000000000000000000000218149733000158GULA MANIA                              QUIRINO ZAGONEL, 1496 JD ITALIA BRAGA SA            83020250                                                            000004
100000 000000000000 00090345100325490REGTIT30201618118422     0002020000005979061P00000000002N           2  02000597906110031900000000034730000000099N080219000000000000000020000000000000000000000000000000000000000000000100011816345989FABIO DO VALE DE OLIVEIRA               100 ALQUEIRES,  CENTRO OURIZONA PR                  87170000                                                            000005
100000 000000000000 00090345100325490REGTIT30201641810888     0002020000005846006300000000002N           2  01000584600612051900000000450000000000099N030118000000000000000300000000000000000000000000000000000000000000000100047037326372LUZINETE SOARES DE SOUSA                VON KARAJAN, 8 CASA 01 PARQUE SONIA SAO             05856105                                                            000006
100000 000000000000 00090345100325490REGTIT30201705749932     0002020000005957172100000000002N           2  01000595717212051900000000191670000000099N141118000000000000000130000000000000000000000000000000000000000000000100011363065440LARISSA SOARES DE OLIVEIRA              19, 27 RIO CORRENTE  PETROLINA PE                   56300000                                                            000007
100000 000000000000 00090345100325490REGTIT30202038668853     0002020000005968571900000000002N           2  02000596857124021900000000256000000000099N241218000000000000000170000000000000000000000000000000000000000000000100043201161861TALITA BEATRIZ DA SILVA DE ARAUJO       UM, 83 PQ. DO CAFE UM MONTE MOR SP                  13190000                                                            000008
100000 000000000000 00090345100325490REGTIT30202337927462     0002020000005984526000000000002N           2  01000598452612051900000000125000000000099N120219000000000000000080000000000000000000000000000000000000000000000100000737344547ANTONIA RIBEIRO DE MORAIS               DUQUE DE CAXIAS, 1503 CENTRO FORMOSA DO             47990000                                                            000009
100000 000000000000 00090345100325490REGTIT30202619867920     0002020000005965966100000000002N           2  02000596596610031900000000120000000000099N071218000000000000000080000000000000000000000000000000000000000000000100040193616220EDILENE DAS NEVES DANTAS                DO ROSARIO, 217 CAMPINA DE ICOARACI (ICO            66813040                                                            000010
100000 000000000000 00090345100325490REGTIT30202709378869     0002020000005947093300000000002N           2  01000594709312051900000000100000000000099N111018000000000000000070000000000000000000000000000000000000000000000100020516614134OLIMPIO DUARTE FILHO                    TRAVESSA B, 11 QD  09  CRISTO REI VG MT             78160118                                                            000011
100000 000000000000 00090345100325490REGTIT30202761722790     0002020000005987756100000000002N           2  01000598775613041900000000150000000000099N130319000000000000000100000000000000000000000000000000000000000000000225096562000101M.M.S LOCAÇÕES E TURISMO-ME             PADRE FRANCISCO MARIA TALLES, 95 SALA 01            28860000                                                            000012
100000 000000000000 00090345100325490REGTIT30202787839881     0002020000005978536500000000002N           2  01000597853610051900000000120000000000099N050219000000000000000080000000000000000000000000000000000000000000000100005826649429DENILSON OLIVEIRA DO NASCIMENTO         CENTO E SESSENTA E NOVE, 86 CAETES I ABR            53530436                                                            000013
100000 000000000000 00090345100325490REGTIT30202830956499     0002020000005959691000000000002N           2  01000595969112051900000000300000000000099N301118000000000000000200000000000000000000000000000000000000000000000212271905000185F.C CORREA OFICINA MECANICA             FRANCISCO FERREIRA DA CRUZ, 1910 B EUCAL            83820293                                                            000014
100000 000000000000 00090345100325490REGTIT30202909409436     0002020000005937593000000000002N           2  01000593759312051900000000125000000000099N150918000000000000000080000000000000000000000000000000000000000000000100003240066408NEUZA  MARIA  FERREIRA  DE  SA          RUA  RIO  BEBERIBE, N 37 JOSE  E  MARIA             56300000                                                            000015
100000 000000000000 00090345100325490REGTIT30202961462202     0002020000005927859500000000002N           2  02000592785910031900000000810000000000099N210818000000000000000540000000000000000000000000000000000000000000000100011292236809MARIA CAVALCANTE CAMARGO                PANAMA, 429 JARDIM BELO HORIZONTE SANTA             13450188                                                            000016
100000 000000000000 00090345100325490REGTIT30203041699868     0002020000005966103800000000002N           2  02000596610321031900000000051070000000099N081218000000000000000030000000000000000000000000000000000000000000000100001561187933CELIA BATISTA BONFIM                    SANTOS, 11 CASA CENTRO OURIZONA PR                  87170000                                                            000017
100000 000000000000 00090345100325490REGTIT30203280983401     0002020000005984516300000000002N           2  01000598451612051900000000120000000000099N120219000000000000000080000000000000000000000000000000000000000000000100007177891528DAVI BATISTA RIBEIRO                    ACM, 1507 CENTRO FORMOSA DO RIO PRETO BA            47990000                                                            000018
100000 000000000000 00090345100325490REGTIT30203334256009     0002020000005984870700000000002N           2  02000598487014031900000000181600000000099N140219000000000000000120000000000000000000000000000000000000000000000100018743472800CICERA MARIA DA SILVA                   MANOEL BANDEIRA NUMERO 745, 0 JD AMANDA             13188181                                                            000019
100000 000000000000 00090345100325490REGTIT30203340012782     0002020000005978344300000000002N           2  01000597834412051900000000088000000000099N040219000000000000000060000000000000000000000000000000000000000000000100010140021841JOSÉ FRANCISCO BUENO                    JOSE LEITE DE GODOY, 167 CONJUNTO HABITA            13453522                                                            000020
100000 000000000000 00090345100325490REGTIT30203344595192     0002020000005984530900000000002N           2  01000598453012051900000000180000000000099N120219000000000000000120000000000000000000000000000000000000000000000100055042643591PAULO HERINQUE DE JESUS                 FREDERICO FIDELIS, S|N CENTRO SANTA RITA            47150000                                                            000021
100000 000000000000 00090345100325490REGTIT30203464224098     0002020000005984508200000000002N           2  01000598450812051900000000125000000000099N120219000000000000000080000000000000000000000000000000000000000000000100009189809505SHIRLEI DA CONCEICAO LIMA               MALHADINHA, S|N CENTRO FORMOSA DO RIO PR            47990000                                                            000022
100000 000000000000 00090345100325490REGTIT30203644628996     0002020000005902189600000000002N           2  01000590218912051900000000618000000000099N070618000000000000000410000000000000000000000000000000000000000000000100036378211841ADRIANO FERREIRA ROCHA RIBEIRO          SEBASTIAO MUNIZ DE SOUSA, 670 BLOCO C AP            05821150                                                            000023
100000 000000000000 00090345100325490REGTIT30203771533196     0002020000005966117800000000002N           2  02000596611710031900000000048830000000099N081218000000000000000030000000000000000000000000000000000000000000000100010102971986CAMILA DOS SANTOS FERBONI               MACHADO DE ASSIS, 923 CENTRO OURIZONA PR            87170000                                                            000024
100000 000000000000 00090345100325490REGTIT30204387773896     0002020000005985238000000000002N           2  01000598523810051900000000020000000000099N180219000000000000000010000000000000000000000000000000000000000000000100011115060430ELTON FELIPE RAMOS                      PARNAMIRIM, 304 ARTHUR LUNDGREN I PAULIS            53417470                                                            000025
100000 000000000000 00090345100325490REGTIT30204444737455     0002020000005984121400000000002N           2  02000598412110031900000000032450000000099N090219000000000000000020000000000000000000000000000000000000000000000100011816345989FABIO DO VALE DE OLIVEIRA               100 ALQUEIRES,  CENTRO OURIZONA PR                  87170000                                                            000026
100000 000000000000 00090345100325490REGTIT30204448323601     0002020000005956530600000000002N           2  01000595653012051900000000130000000000099N101118000000000000000090000000000000000000000000000000000000000000000100087039982820ANGELICA BENILDE ROSANTE                CRISTOVAO DONATIS, 29 PIRACICAMIRIM (VL             13418605                                                            000027
100000 000000000000 00090345100325490REGTIT30204482172148     0002020000005957265500000000002N           2  02000595726514031900000000141040000000099N141118000000000000000190000000000000000000000000000000000000000000000100069699461934ELIZABETE DA SILVA POLLI                ATENAS, 352 CASA RIO VERDE COLOMBO PR               83405520                                                            000028
100000 000000000000 00090345100325490REGTIT30204552956637     0002020000005926733P00000000002N           2  02000592673310031900000000100000000000099N140818000000000000000070000000000000000000000000000000000000000000000100021384363491RAIMUNDO ANTONIO DE SOUZA               RUA: 03, 165 COSME E DAMIAO PETROLINA PE            56300000                                                            000029
100000 000000000000 00090345100325490REGTIT30204654557990     0002020000005948096300000000002N           2  02000594809610041900000000050000000000099N191018000000000000000030000000000000000000000000000000000000000000000100021384363491RAIMUNDO ANTONIO DE SOUZA               RUA: 03, 165 COSME E DAMIAO PETROLINA PE            56300000                                                            000030
100000 000000000000 00090345100325490REGTIT30204874820121     0002020000005977745100000000002N           2  01000597774512051900000000089000000000099N290119000000000000000060000000000000000000000000000000000000000000000100012382509805IVETE SOUZA LIMA FERNANDES              ALFEU SCHIMIDT BL P APT 12, 221 PLANALTO            13453833                                                            000031
100000 000000000000 00090345100325490REGTIT30204938347037     0002020000005984488400000000002N           2  01000598448812051900000000115000000000099N120219000000000000000080000000000000000000000000000000000000000000000100043990665200ELIZABETE PEREIRA DE SOUZA              JOAO DIAS DOS SANTOS, 356 CENTRO FORMOSA            47990000                                                            000032
100000 000000000000 00090345100325490REGTIT30205002202499     0002020000005985741200000000002N           2  01000598574110051900000000165000000000099N220219000000000000000110000000000000000000000000000000000000000000000100037761749434VALTER RODRIGUES DA SILVA               PEROLA, 76 VALE DAS PEDREIRAS CAMARAGIBE            54753790                                                            000033
100000 000000000000 00090345100325490REGTIT30205028758454     0002020000005984535P00000000002N           2  01000598453512051900000000131670000000099N120219000000000000000090000000000000000000000000000000000000000000000100005441621532LUZINETE DA SILVA SANTOS                AREIA, S|N MALHADA GRANDE SANTA RITA DE             47150000                                                            000034
100000 000000000000 00090345100325490REGTIT30205298285041     0002020000005936926400000000002N           2  01000593692612051900000000072390000000099N120918000000000000000050000000000000000000000000000000000000000000000100003454788943CLAUDAIR ROSA DA CONCEIÇAO              JOAO SAVOLDI PINHEIRO, 74 CASA CENTRO OU            87170000                                                            000034
100000 000000000000 00090345100325490REGTIT30205355793018     0002020000005984493000000000002N           2  01000598449312051900000000250000000000099N120219000000000000000170000000000000000000000000000000000000000000000100047463058549LEONEL DA SILVA SOUZA                   PERCILIO SANTANA, S|N CENTRO FORMOSA DO             47990000                                                            000035
100000 000000000000 00090345100325490REGTIT30205367544616     0002020000005987711100000000002N           2  01000598771112051900000000075000000000099N120319000000000000000050000000000000000000000000000000000000000000000100012851509616LUCAS PEREIRA SANTOS                    RUA DEZESSETE, 116 PAULISTA MONTE MOR SP            13190000                                                            000036
100000 000000000000 00090345100325490REGTIT30205389300986     0002020000005987701400000000002N           2  01000598770112051900000000056000000000099N120319000000000000000040000000000000000000000000000000000000000000000100008104126911BRUNA CARIZA DUTRA LEMOS                CAMPO GRANDE, 1800 CENTRO OURIZONA PR               87170000                                                            000037
100000 000000000000 00090345100325490REGTIT30205409940733     0002020000005958601P00000000002N           2  01000595860112051900000000366000000000099N241118000000000000000240000000000000000000000000000000000000000000000100026841502817DANILO GODOI                            VIRGINIO MATARAZO, 505 RESIDENCIAL FURLA            13450000                                                            000038
100000 000000000000 00090345100325490REGTIT30205426791318     0002020000005984480900000000002N           2  01000598448012051900000000117500000000099N120219000000000000000080000000000000000000000000000000000000000000000100015406674803CARLOS HENRIQUE VAZ                     KOTO MITSUTANI, 190 APT 24 JARDIM MITSUT            05791000                                                            000039
100000 000000000000 00090345100325490REGTIT30205484072077     0002020000005950561300000000002N           2  01000595056112051900000000096140000000099N061118000000000000000060000000000000000000000000000000000000000000000100039155323987CARMELITA PEREIRA GOMES                 CAMPO GRANDE, 0 CENTRO OURIZONA PR                  87170000                                                            000040
100000 000000000000 00090345100325490REGTIT30205502032699     0002020000005958031300000000002N           2  02000595803121031900000000056670000000099N211118000000000000000040000000000000000000000000000000000000000000000100001561187933CELIA BATISTA BONFIM                    SANTOS, 11 CASA CENTRO OURIZONA PR                  87170000                                                            000041
100000 000000000000 00090345100325490REGTIT30205628322602     0002020000005984385300000000002N           2  01000598438512051900000000260000000000099N120219000000000000000170000000000000000000000000000000000000000000000100043201161861TALITA BEATRIZ DA SILVA DE ARAUJO       UM, 83 PQ. DO CAFE UM MONTE MOR SP                  13190000                                                            000042
100000 000000000000 00090345100325490REGTIT30205723333934     0002020000005951130300000000002N           2  02000595113010031900000000410000000000099N071118000000000000000270000000000000000000000000000000000000000000000100035229389842RAFAELLA SANTOS ZAQUETIN BONFIM         NICOLAU FURLAN, 480 RESIDENCIAL FURLAN S            13451188                                                            000043
100000 000000000000 00090345100325490REGTIT30205767446536     0002020000005984512000000000002N           2  01000598451212051900000000125000000000099N120219000000000000000080000000000000000000000000000000000000000000000100000526503599PEDRO HENRIQUE PEREIRA SANTOS           ASSOCIACAO NOVO HORIZONTE, S|N CENTRO FO            47990000                                                            000044
100000 000000000000 00090345100325490REGTIT30205792293424     0002020000005937235400000000002N           2  02000593723508031900000000077000000000099N130918000000000000000050000000000000000000000000000000000000000000000100070211668427RAISA  DAMASCENO   BEZERRA              RUA  11, N 43 NOVA  DESCOBERTA PETROLINA            56300000                                                            000045
100000 000000000000 00090345100325490REGTIT30206039366895     0002020000005987715400000000002N           2  01000598771512051900000000268800000000099N120319000000000000000180000000000000000000000000000000000000000000000100027773628823SIDNEI LEANDRO DOS SANTOS               JOSE FRANCISCO DOS SANTOS, 266 JARDIM  T            06765080                                                            000046
100000 000000000000 00090345100325490REGTIT30206242208638     0002020000005984483300000000002N           2  01000598448312051900000000141250000000099N120219000000000000000090000000000000000000000000000000000000000000000100002949899358FRANCISCO A. RIBEIRO FILHO              CORRENTE PIAUI, S|N CENTRO FORMOSA DO RI            47990000                                                            000047
100000 000000000000 00090345100325490REGTIT30206277803261     0002020000005987752900000000002N           2  01000598775213041900000000132500000000099N130319000000000000000090000000000000000000000000000000000000000000000100003829874545CANICE VIEIRA  D BARROS                 POVOADO ALMAS, S|N CENTRO SAO DESIDERIO             47820000                                                            000048
100000 000000000000 00090345100325490REGTIT30206429976324     0002020000005970077700000000002N           2  01000597007712051900000000366810000000099N100119000000000000000240000000000000000000000000000000000000000000000100025392913504NAIR LIMA SAMPAIO                       OLIMPIO RODRIGUES DE ARAUJO,  JARDIM MAC            05894390                                                            000049
100000 000000000000 00090345100325490REGTIT30206437986906     0002020000005947408400000000002N           2  01000594740812051900000000230000000000099N151018000000000000000150000000000000000000000000000000000000000000000100047433388915JURANDIR I DE AGUIAR                    GUAIANAZES, 659 JARDIM SANTA RITA DE CAS            13457093                                                            000050
100000 000000000000 00090345100325490REGTIT30206613087931     0002020000005889301600000000002N           2  01000588930112051900000000608200000000099N280418000000000000000410000000000000000000000000000000000000000000000100035720208836SAMANTHA PEREIRA DE SOUZA               ABRIL PERES, 80 JARDIM DAS ROSAS (ZONA S            05893010                                                            000051
100000 000000000000 00090345100325490REGTIT30206635203382     0002020000005987751000000000002N           2  01000598775113041900000000500000000000099N130319000000000000000330000000000000000000000000000000000000000000000100039375374572JAIANE CEZAR DA SILVA                   OCIVAL RODRIGUES, 50 CENTRO SAO DESIDERI            47820000                                                            000052
100000 000000000000 00090345100325490REGTIT30207041221476     0002020000005984424800000000002N           2  01000598442412051900000000206730000000099N120219000000000000000140000000000000000000000000000000000000000000000100034777121534VITAL VIEIRA DE SOUZA                   QUADRA 27 CONJUNTO A  LOTE, 09 CASA 04 P            72910280                                                            000053
100000 000000000000 00090345100325490REGTIT30207183645789     0002020000005948530200000000002N           2  02000594853012021900000000267000000000099N221018000000000000000180000000000000000000000000000000000000000000000100007704210912JULIO CESAR MORAES FARIA                LUIS STORES, 72 VILA UNIAO BANDEIRANTES             86360000                                                            000054
100000 000000000000 00090345100325490REGTIT30207377687042     0002020000005946270100000000002N           2  01000594627010051900000000140000000000099N081018000000000000000090000000000000000000000000000000000000000000000100037761749434VALTER RODRIGUES DA SILVA               PEROLA, 76 VALE DAS PEDREIRAS CAMARAGIBE            54753790                                                            000055
100000 000000000000 00090345100325490REGTIT30207408625574     0002020000005975479600000000002N           2  02000597547914031900000000034270000000099N140119000000000000000020000000000000000000000000000000000000000000000100010102971986CAMILA DOS SANTOS FERBONI               MACHADO DE ASSIS, 923 CENTRO OURIZONA PR            87170000                                                            000056
100000 000000000000 00090345100325490REGTIT30207408625574     0002020000005975480P00000000002N           2  02000597548014041900000000034270000000099N140119000000000000000020000000000000000000000000000000000000000000000100010102971986CAMILA DOS SANTOS FERBONI               MACHADO DE ASSIS, 923 CENTRO OURIZONA PR            87170000                                                            000057
100000 000000000000 00090345100325490REGTIT30207455271569     0002020000005968302300000000002N           2  01000596830212051900000000100000000000099N211218000000000000000070000000000000000000000000000000000000000000000100008007742999MIRIAN PERPETUA                         NEY LEPREVOST, 76 RECREIO DA SERRA PIRAQ            83305570                                                            000058
100000 000000000000 00090345100325490REGTIT30207490310482     0002020000005987117200000000002N           2  01000598711712051900000000227000000000099N090319000000000000000150000000000000000000000000000000000000000000000100038079920818SUELLEN DA SILVA OLIVEIRA               RUA JOAO LONGO, 290 JARDIM ROSA EMILIA J            06608420                                                            000059
100000 000000000000 00090345100325490REGTIT30207617457277     0002020000005958151400000000002N           2  01000595815112051900000000570000000000099N221118000000000000000380000000000000000000000000000000000000000000000100010991094859LUIZA APARECIDA MELLO COLTRI            OLIMPIO P. DE OLIVEIRA, 78 VILA BOLDRIN             13450074                                                            000060
100000 000000000000 00090345100325490REGTIT30207648696742     0002020000005957208600000000002N           2  01000595720812051900000000128570000000099N141118000000000000000090000000000000000000000000000000000000000000000100018788688453MARIA DE FATIMA DO NASCIMENTO           RUA ALIRIO BRANDAO, 21  JARDIM PETROPOLI            56300000                                                            000061
100000 000000000000 00090345100325490REGTIT30207775057210     0002020000005986602000000000002N           2  01000598660212051900000000078150000000099N060319000000000000000050000000000000000000000000000000000000000000000100003608089802DIRCE DA CRUZ                           CAMPO GRANDE, 1237 CENTRO OURIZONA PR               87170000                                                            000062
100000 000000000000 00090345100325490REGTIT30207854656659     0002020000005984504P00000000002N           2  01000598450412051900000000125000000000099N120219000000000000000080000000000000000000000000000000000000000000000100003006398564CASTRIANE NEVES DE SOUZA                MACAPA, 1030 CENTRO FORMOSA DO RIO PRETO            47990000                                                            000063
100000 000000000000 00090345100325490REGTIT30207899850714     0002020000005976898300000000002N           2  02000597689821021900000000218750000000099N230119000000000000000150000000000000000000000000000000000000000000000208195565000183MERCADO DOURADOS(JULIO)                 AV.ANTONIO NUNES DA ROCHA, 380 RIO PEQUE            83070020                                                            000064
100000 000000000000 00090345100325490REGTIT30207906295197     0002020000005951496500000000002N           2  01000595149612051900000000300000000000099N091118000000000000000200000000000000000000000000000000000000000000000100066410053800PEDRO OLIVA                             ROBERTO SAMPAIO PENNA, 78 JARDIM MARTINI            05759280                                                            000065
100000 000000000000 00090345100325490REGTIT30208379657136     0002020000005987707300000000002N           2  01000598770712051900000000114000000000099N120319000000000000000080000000000000000000000000000000000000000000000100009558847640RONILTOM DA SILVA SANTOS                RUA 39, 461 CASA PAULISTA MONTE MOR SP              13190000                                                            000066
100000 000000000000 00090345100325490REGTIT30208482007587     0002020000005984501500000000002N           2  01000598450112051900000000120000000000099N120219000000000000000080000000000000000000000000000000000000000000000100000544691555RAIMUNDA BARBOSA                        PERCILIO SANTANA, S/N CENTRO FORMOSA DO             47990000                                                            000067
100000 000000000000 00090345100325490REGTIT30208823703399     0002020000005987758800000000002N           2  01000598775828031900000000150000000000099N130319000000000000000100000000000000000000000000000000000000000000000235779529000130CASAL                                   R JOSE AGUIAR FRANCO, 211 E 371 COSTA DO            27923320                                                            000068
100000 000000000000 00090345100325490REGTIT30209368178264     0002020000005957648000000000002N           2  02000595764819031900000000094970000000099N191118000000000000000060000000000000000000000000000000000000000000000100081678711268LUCILENE DA SILVA FLORENCIO             BELA VISTA, 466 CENTRO OURIZONA PR                  87170000                                                            000069
100000 000000000000 00090345100325490REGTIT30209611280477     0002020000005970012200000000002N           2  02000597001212031900000000450000000000099N090119000000000000000300000000000000000000000000000000000000000000000100007369316866LUZIA AP SANTANA MATTOS                 BARBARA ISAIAS, 1114 JARDIM SANTA RITA D            13457125                                                            000070
100000 000000000000 00090345100325490REGTIT30209611280477     0002020000005970014900000000002N           2  01000597001412051900000000450000000000099N090119000000000000000300000000000000000000000000000000000000000000000100007369316866LUZIA AP SANTANA MATTOS                 BARBARA ISAIAS, 1114 JARDIM SANTA RITA D            13457125                                                            000071
100000 000000000000 00090345100325490REGTIT30209654432129     0002020000005984496500000000002N           2  01000598449612051900000000110000000000099N120219000000000000000070000000000000000000000000000000000000000000000100035609418810ERCILENE PEREIRA DE SANTANA             ANISIO ARAUJO, 190 CENTRO FORMOSA DO RIO            47990000                                                            000072
100000 000000000000 00090345100325490REGTIT30209660107543     0002020000005978879800000000002N           2  01000597887912051900000000125000000000099N070219000000000000000080000000000000000000000000000000000000000000000100096928590297MARIA DAS GRAÇAS ALVES SOUSA            ALAGOAS, 520A JUCARA IMPERATRIZ MA                  65919170                                                            000073
100000 000000000000 00090345100325490REGTIT30209672628082     0002020000005968972200000000002N           2  01000596897212051900000000130000000000099N271218000000000000000090000000000000000000000000000000000000000000000100038201304896DOUGLAS F RIBEIRO                       P MANOEL NOBREGA, 237 SIQUEIRA CAMPOS SA            13450000                                                            000074
100000 000000000000 00090345100325490REGTIT30209709723898     0002020000005969871300000000002N           2  02000596987110031900000000120000000000099N090119000000000000000080000000000000000000000000000000000000000000000100008092154384JULIANA MARIA BARBOSA DIAS              NOSSA SENHORA DA CONCEICAO, 2 BRASILIA (            66845822                                                            000075
100000 000000000000 00090345100325490REGTIT30209782520362     0002020000005920868600000000002N           2  01000592086812051900000000230000000000099N070818000000000000000150000000000000000000000000000000000000000000000100036046207835SONIA THEODORO GIL                      GENERAL COUTO MAGALHAES, 236 31 DE MARCO            13453135                                                            000076
100000 000000000000 00090345100325490REGTIT30209814581130     0002020000005949072100000000002N           2  02000594907210031900000000066670000000099N251018000000000000000040000000000000000000000000000000000000000000000100030310628415MARIA  JOSE  SOARES                     RUA  MANOEL  SALDANHA, N 167 PEDRO  RAIM            56300000                                                            000077
100000 000000000000 00090345100325490REGTIT30209893267051     0002020000005978883600000000002N           2  01000597888312051900000000200000000000099N070219000000000000000130000000000000000000000000000000000000000000000100000800915208SIVALDO ALVES ALMEIDA                   ALAGOAS, 520A JUCARA IMPERATRIZ MA                  65919170                                                            000078
100000 000000000000 00090345100325490REGTIT30209934499325     0002020000005940946000000000002N           2  01000594094612051900000000047360000000099N051018000000000000000030000000000000000000000000000000000000000000000100051748630920TERESINHA DO NASCIMENTO DE CAMARGO      BENJAMIN PEREIRA DA SILVA, 50 CENTRO OUR            87170000                                                            000079
9                                                                                                                                                                                                                                                                                                                                                                                                         000080