01REMESSA01COBRANCA       00000000000004852239ISPCN                         237BRADESCO       220319        MX0003098                                                                                                                                                                                                                                                                                     000001
100000 000000000000 00090345100325490REGTIT30982085946305     0002020000005994538900000000002N           2  01000599453818041900000000200000000000099N220319000000000000000130000000000000000000000000000000000000000000000100007899078792ANTONIO CARLOS RIBEIRO CORREIA          ES.SANTAMAVRA, 170 CASA CURUCICA RIO DE             22780170                                                            000002
100000 000000000000 00090345100325490REGTIT30982085946305     0002020000005994539700000000002N           2  01000599453918051900000000200000000000099N220319000000000000000130000000000000000000000000000000000000000000000100007899078792ANTONIO CARLOS RIBEIRO CORREIA          ES.SANTAMAVRA, 170 CASA CURUCICA RIO DE             22780170                                                            000003
100000 000000000000 00090345100325490REGTIT30982929382584     0002020000005994551600000000002N           2  01000599455125031900000000207600000000099N220319000000000000000140000000000000000000000000000000000000000000000229093427000163BUFFET FLOR DE MANDACARU                RUA MARSELHA, 728 JAGUARE SAO PAULO SP              05332000                                                            000004
100000 000000000000 00090345100325490REGTIT30987140436594     0002020000005994550800000000002N           2  01000599455022041900000000590500000000099N220319000000000000000390000000000000000000000000000000000000000000000239316666000199REDE BRASIL ALUGUEL DE VEICULOS         RUA HUMBERTO DE CAMPOS, 1003 SAO DIOGO I            29163166                                                            000005
100000 000000000000 00090345100325490REGTIT30987669070180     0002020000005985508800000000002N           2  02000598550820031900000000071230000000099N200219000000000000000050000000000000000000000000000000000000000000000100002000716962MARIA VICENTE BARBOSA                   QUADRA 2 LOTE 13, LOTE13 BAIXADA DA AREI            87170000                                                            000006
9                                                                                                                                                                                                                                                                                                                                                                                                         000007