01REMESSA01COBRANCA       00000000000004852239ISPCN                         237BRADESCO       060319        MX0002963                                                                                                                                                                                                                                                                                     000001
100000 000000000000 00090345100325490REGTIT29631517814658     0002020000005908935000000000002N           2  02000590893510031900000000170000000000099N190618000000000000000110000000000000000000000000000000000000000000000100030691104875SANDRA SOARES OLIVEIRA                  SITIO GRACIANO, 00 PORTAO VERDE SANTO AN            13450000                                                            000002
100000 000000000000 00090345100325490REGTIT29632410532587     0002020000005902058P00000000002N           2  02000590205815021900000000330000000000099N070618000000000000000220000000000000000000000000000000000000000000000100037564791888TAINA KRYSIA G TEIXEIRA                 OSORIO DUQUE ESTRADA, 647 JD BATIGIM SBO            13450000                                                            000003
100000 000000000000 00090345100325490REGTIT29634806913683     0002020000005986603900000000002N           2  01000598660306041900000000200000000000099N060319000000000000000130000000000000000000000000000000000000000000000100082695199015CRISTIANE SCHMITT ALLENDORF             RUA NILO SCUR, 555 CASA DOS CUNHAS VIAMA            99940000                                                            000004
100000 000000000000 00090345100325490REGTIT29636323695911     0002020000005970266400000000002N           2  02000597026605031900000000120000000000099N100119000000000000000080000000000000000000000000000000000000000000000100059067993204ALEXANDRE PANTOJA GONÇALVES             SIQUEIRA MENDES, 594 CRUZEIRO (ICOARACI)            66810050                                                            000005
100000 000000000000 00090345100325490REGTIT29636819945983     0002020000005976766900000000002N           2  02000597676610031900000000560000000000099N220119000000000000000370000000000000000000000000000000000000000000000100011551813874VILMA AP SOARES DA SILVA                PEDRO CANDIDO RANGEL, 183 PARQUE RESIDEN            13458066                                                            000006
100000 000000000000 00090345100325490REGTIT29637775057210     0002020000005986601200000000002N           2  01000598660112041900000000078150000000099N060319000000000000000050000000000000000000000000000000000000000000000100003608089802DIRCE DA CRUZ                           CAMPO GRANDE, 1237 CENTRO OURIZONA PR               87170000                                                            000007
100000 000000000000 00090345100325490REGTIT29638283395688     0002020000005968882300000000002N           2  02000596888228021900000000350000000000099N271218000000000000000230000000000000000000000000000000000000000000000100005752450268JUCIREMA CONCEIÇÃO DOS SANTOS           TRAVESSA DO CRUZEIRO, 1296 CRUZEIRO BELE            66810000                                                            000008
9                                                                                                                                                                                                                                                                                                                                                                                                         000009