01REMESSA01COBRANCA       00000000000004852239ISPCN                         237BRADESCO       180319        MX0003056                                                                                                                                                                                                                                                                                     000001
100000 000000000000 00090345100325490REGTIT30561170531614     0002020000005993494800000000002N           2  01000599349430041900000000062500000000099N180319000000000000000040000000000000000000000000000000000000000000000100061409415392ANA PAULA FONSECA MARINHO               RUA ALAGOAS, 520 JUCARA IMPERATRIZ MA               65919170                                                            000002
100000 000000000000 00090345100325490REGTIT30561280681908     0002020000005993489100000000002N           2  01000599348920041900000000070000000000099N180319000000000000000050000000000000000000000000000000000000000000000100061526142287ANA GONÇALVES DOS SANTOS                RUA ALAGOAS, 520 JUCARA IMPERATRIZ MA               65919170                                                            000003
100000 000000000000 00090345100325490REGTIT30561692768976     0002020000005917587700000000002N           2  02000591758720021900000000070000000000099N180718000000000000000050000000000000000000000000000000000000000000000100036623832840LAIS CRISTINA RODRIGUES                 ANTONIO BERNARDES RANGEL, 165 VILA BÉTIC            13450000                                                            000004
100000 000000000000 00090345100325490REGTIT30561915056001     0002020000005993482400000000002N           2  01000599348225041900000000090000000000099N180319000000000000000060000000000000000000000000000000000000000000000100071731954387ARLINDO HOLANDA DA SILVA JUNIOR         RUA ALAGOAS, 520 JUCARA IMPERATRIZ MA               65919170                                                            000005
100000 000000000000 00090345100325490REGTIT30562067364226     0002020000005993485900000000002N           2  01000599348510041900000000062500000000099N180319000000000000000040000000000000000000000000000000000000000000000100088082865334ROSA JOSEFA DE SOUSA PEREIRA            RUA ALAGOAS, 520 JUCARA IMPERATRIZ MA               65919170                                                            000006
100000 000000000000 00090345100325490REGTIT30562067364226     0002020000005993486700000000002N           2  01000599348610051900000000062500000000099N180319000000000000000040000000000000000000000000000000000000000000000100088082865334ROSA JOSEFA DE SOUSA PEREIRA            RUA ALAGOAS, 520 JUCARA IMPERATRIZ MA               65919170                                                            000007
100000 000000000000 00090345100325490REGTIT30562081595932     0002020000005985735800000000002N           2  06000598573530031900000000195000000000099N220219000000000000000130000000000000000000000000000000000000000000000100003900475202TEREZA DOS SANTOS RAMOS                 RIO CARA-CARA, 00 CACHOEIRA DO ARARI MAR            68840000                                                            000008
100000 000000000000 00090345100325490REGTIT30562342615822     0002020000005993474300000000002N           2  01000599347415041900000000100000000000099N180319000000000000000070000000000000000000000000000000000000000000000100060667235370KEYLANE SOUSA ALVES                     RUA ALAGOAS, 520 JUCARA IMPERATRIZ MA               65919170                                                            000009
100000 000000000000 00090345100325490REGTIT30562342615822     0002020000005993475100000000002N           2  01000599347515051900000000100000000000099N180319000000000000000070000000000000000000000000000000000000000000000100060667235370KEYLANE SOUSA ALVES                     RUA ALAGOAS, 520 JUCARA IMPERATRIZ MA               65919170                                                            000010
100000 000000000000 00090345100325490REGTIT30562405450824     0002020000005985366200000000002N           2  02000598536620031900000000135000000000099N190219000000000000000090000000000000000000000000000000000000000000000100040881266884PAULA CARDOSO                           EDUARDO STRAZDIN, 810 RESIDENCIAL FURLAN            13451170                                                            000011
100000 000000000000 00090345100325490REGTIT30562478672038     0002020000005993469700000000002N           2  01000599346920041900000000112000000000099N180319000000000000000070000000000000000000000000000000000000000000000100033150532353MANOEL EDNILSON DE ARAUJO               RUA ALAGOAS, 520 JUCARA IMPERATRIZ MA               65919170                                                            000012
100000 000000000000 00090345100325490REGTIT30562532118049     0002020000005927628200000000002N           2  02000592762810031900000000229000000000099N200818000000000000000150000000000000000000000000000000000000000000000100019690591843ROSANA CASSIMIRO AMADO                  NICOLAU FURLAN, 527 RESIDENCIAL FURLAN S            13451188                                                            000013
100000 000000000000 00090345100325490REGTIT30562849191278     0002020000005993510300000000002N           2  01000599351025041900000000075000000000099N180319000000000000000050000000000000000000000000000000000000000000000100005121115377ANGELA MARIA PEREIRA DE OLIVEIRA        RUA ALAGOAS, 520 JUCARA IMPERATRIZ MA               65919170                                                            000014
100000 000000000000 00090345100325490REGTIT30563526269731     0002020000005975436200000000002N           2  02000597543614031900000000064650000000099N140119000000000000000040000000000000000000000000000000000000000000000100002000716962MARIA VICENTE BARBOSA                   QUADRA 2 LOTE 13, LOTE13 BAIXADA DA AREI            87170000                                                            000015
100000 000000000000 00090345100325490REGTIT30563629732765     0002020000005993512P00000000002N           2  01000599351205041900000000125000000000099N180319000000000000000080000000000000000000000000000000000000000000000100024987085372LUIZ PEREIRA DE OLIVEIRA                RUA ALAGOAS, 520 JUCARA IMPERATRIZ MA               65919170                                                            000016
100000 000000000000 00090345100325490REGTIT30563629732765     0002020000005993513800000000002N           2  01000599351305051900000000125000000000099N180319000000000000000080000000000000000000000000000000000000000000000100024987085372LUIZ PEREIRA DE OLIVEIRA                RUA ALAGOAS, 520 JUCARA IMPERATRIZ MA               65919170                                                            000017
100000 000000000000 00090345100325490REGTIT30563666110481     0002020000005920577600000000002N           2  02000592057715031900000000240000000000099N060818000000000000000160000000000000000000000000000000000000000000000100028830341843DANIELA SOARES DA SILVA                 PADRE ANCHIETA, 364 VILA SIQUEIRA CAMPOS            13451036                                                            000018
100000 000000000000 00090345100325490REGTIT30564007213368     0002020000005993502200000000002N           2  01000599350220041900000000115000000000099N180319000000000000000080000000000000000000000000000000000000000000000100000160262259SANDRA DIAS                             RUA ALAGOAS, 520 JUCARA IMPERATRIZ MA               65919170                                                            000019
100000 000000000000 00090345100325490REGTIT30564330981518     0002020000005947131P00000000002N           2  02000594713110031900000000105000000000099N111018000000000000000070000000000000000000000000000000000000000000000100004145318412KEILA  KATIANA  AMORIM  SILVA           RUA  G, N 25 TORRES  DOLAMITA   PETROLIN            56300000                                                            000020
100000 000000000000 00090345100325490REGTIT30564551328826     0002020000005966434700000000002N           2  02000596643415031900000000178000000000099N101218000000000000000120000000000000000000000000000000000000000000000100039782284831ANA CLAUDIA AP RODRIGUES                PADRE ARTHUR SAMPAIO AP 03 B, BL 105 CON            13458182                                                            000021
100000 000000000000 00090345100325490REGTIT30564874984779     0002020000005993514600000000002N           2  01000599351420041900000000132500000000099N180319000000000000000090000000000000000000000000000000000000000000000100025272721349FRANCISCO DE JESUS SOUSA                RUA ALAGOAS, 520 JUCARA IMPERATRIZ MA               65919170                                                            000022
100000 000000000000 00090345100325490REGTIT30564910604444     0002020000005976027300000000002N           2  02000597602717031900000000170000000000099N170119000000000000000110000000000000000000000000000000000000000000000100030437341810ELIANA MENDES                           TIRADENTES, 991 JARDIM AMERICA SANTA BAR            13450256                                                            000023
100000 000000000000 00090345100325490REGTIT30565153263720     0002020000005951256300000000002N           2  02000595125601031900000000100000000000099N081118000000000000000070000000000000000000000000000000000000000000000100007499837440SANAIDE ARAUJO SILVA SANTOS             RUA:CURRUPIÃO, N:98 PEDRA LINDA PETROLIN            56300000                                                            000024
100000 000000000000 00090345100325490REGTIT30565528814974     0002020000005968477100000000002N           2  02000596847722031900000000039650000000099N221218000000000000000030000000000000000000000000000000000000000000000100003080361903MARIA BERNADETE FACINA DEGAN            RUA CAMPO GRANDE, 693 CENTRO OURIZONA PR            87170000                                                            000025
100000 000000000000 00090345100325490REGTIT30565743571408     0002020000005949477800000000002N           2  02000594947725021900000000123900000000099N271018000000000000000080000000000000000000000000000000000000000000000100036623832840LAIS CRISTINA RODRIGUES                 ANTONIO BERNARDES RANGEL, 165 VILA BÉTIC            13450000                                                            000026
100000 000000000000 00090345100325490REGTIT30566517203429     0002020000005993493P00000000002N           2  01000599349318041900000000380000000000099N180319000000000000000250000000000000000000000000000000000000000000000100003695393548SAMUEL PEREIRA DOS SANTOS               NOSSA SENHORA DE FATIMA, S/N CENTRO SAO             47820000                                                            000027
100000 000000000000 00090345100325490REGTIT30566819945983     0002020000005976767700000000002N           2  02000597676710041900000000560000000000099N220119000000000000000370000000000000000000000000000000000000000000000100011551813874VILMA AP SOARES DA SILVA                PEDRO CANDIDO RANGEL, 183 PARQUE RESIDEN            13458066                                                            000028
100000 000000000000 00090345100325490REGTIT30566957569863     0002020000005975445100000000002N           2  02000597544505031900000000348000000000099N140119000000000000000230000000000000000000000000000000000000000000000100083234322953APARECIDO BISPO SANTOS                  DOM PEDRO I, 227 PARQUE OLARIA SANTA BAR            13458012                                                            000029
100000 000000000000 00090345100325490REGTIT30566963597362     0002020000005993518900000000002N           2  01000599351830031900000000198000000000099N180319000000000000000130000000000000000000000000000000000000000000000100037045828837DANILO ANTONIO MANZATTO                 DAVI LIVINGSTONE BL E N 301, 140 RES SAN            13457005                                                            000030
100000 000000000000 00090345100325490REGTIT30566963597362     0002020000005993519700000000002N           2  01000599351930041900000000198000000000099N180319000000000000000130000000000000000000000000000000000000000000000100037045828837DANILO ANTONIO MANZATTO                 DAVI LIVINGSTONE BL E N 301, 140 RES SAN            13457005                                                            000031
100000 000000000000 00090345100325490REGTIT30567210859060     0002020000005959641400000000002N           2  02000595964107031900000000175000000000099N301118000000000000000120000000000000000000000000000000000000000000000100004761605960LUCAS BALAN                             EQUADOR, 117 JARDIM VITORIA CAMBE PR                86182135                                                            000032
100000 000000000000 00090345100325490REGTIT30567463660952     0002020000005993506500000000002N           2  01000599350630041900000000075000000000099N180319000000000000000050000000000000000000000000000000000000000000000100086536818253MARIA DIAS                              RUA ALAGOAS, 520 JUCARA IMPERATRIZ MA               65919170                                                            000033
100000 000000000000 00090345100325490REGTIT30567850469474     0002020000005993498000000000002N           2  01000599349830041900000000165000000000099N180319000000000000000110000000000000000000000000000000000000000000000100006086857393ALAN TECIO PINHEIRO                     RUA ALAGOAS, 520 JUCARA IMPERATRIZ MA               65919170                                                            000034
100000 000000000000 00090345100325490REGTIT30568591543291     0002020000005940289P00000000002N           2  02000594028910031900000000100000000000099N021018000000000000000070000000000000000000000000000000000000000000000100017020662404CLAUDEMIRO ALVES DA SILVA               RUA: AURELINA DIAS DO NASCIMENTO, 25 COH            56300000                                                            000035
100000 000000000000 00090345100325490REGTIT30568977585020     0002020000005993465400000000002N           2  01000599346515041900000000105000000000099N180319000000000000000070000000000000000000000000000000000000000000000100062749466326FELIPE FERREIRA CARNEIRO                RUA ALAGOAS, 520 JUCARA IMPERATRIZ MA               65919170                                                            000036
100000 000000000000 00090345100325490REGTIT30568977585020     0002020000005993466200000000002N           2  01000599346615051900000000105000000000099N180319000000000000000070000000000000000000000000000000000000000000000100062749466326FELIPE FERREIRA CARNEIRO                RUA ALAGOAS, 520 JUCARA IMPERATRIZ MA               65919170                                                            000037
100000 000000000000 00090345100325490REGTIT30569927894245     0002020000005993478600000000002N           2  01000599347820041900000000072500000000099N180319000000000000000050000000000000000000000000000000000000000000000100060508008395RAYLANE SOUSA ALVES                     RUA ALAGOAS, 520 JUCARA IMPERATRIZ MA               65919170                                                            000038
9                                                                                                                                                                                                                                                                                                                                                                                                         000039