01REMESSA01COBRANCA       00000000000004852239ISPCN                         237BRADESCO       200319        MX0003076                                                                                                                                                                                                                                                                                     000001
100000 000000000000 00090345100325490REGTIT30761719047613     0002020000005993942700000000002N           2  01000599394230041900000000195000000000099N200319000000000000000130000000000000000000000000000000000000000000000100086828045220EDNA DIAS DOS SANTOS                    RIO CARACARA, 000 CACHOEIRA DO ARARI BEL            68840000                                                            000002
100000 000000000000 00090345100325490REGTIT30762619999477     0002020000005993947800000000002N           2  01000599394720041900000004849340000000099N200319000000000000003230000000000000000000000000000000000000000000000100033059149801LUIZ CLAUDIO SERAFIM SOUZA              DR. ZAMITTI MAMMANA, 237 JARDIM ELIZABET            05793250                                                            000003
100000 000000000000 00090345100325490REGTIT30762643921486     0002020000005993939700000000002N           2  01000599393920041900000002372220000000099N200319000000000000001580000000000000000000000000000000000000000000000100003300084474KATIANE DE FREITAS SILVA                GAURAMA, 86 JARDIM DA LUZ EMBU SP                   06824210                                                            000004
100000 000000000000 00090345100325490REGTIT30762996867543     0002020000005993957500000000002N           2  01000599395720041900000002156250000000099N200319000000000000001440000000000000000000000000000000000000000000000100016105425848NADIR SILVA FEREIRA LIMA                APARECIDA GUERINI CRUZ, 140 JARDIM CLEME            06770260                                                            000005
100000 000000000000 00090345100325490REGTIT30763479793253     0002020000005900251400000000002N           2  02000590025128021900000000085000000000099N290518000000000000000060000000000000000000000000000000000000000000000100002160796409GRACIANE PEREIRA DE ARAUJO              RUA:JADE, N:570 PEDRA LINDA PETROLINA PE            56300000                                                            000006
100000 000000000000 00090345100325490REGTIT30765235848137     0002020000005993950800000000002N           2  01000599395030041900000000200000000000099N200319000000000000000130000000000000000000000000000000000000000000000100094613788234CRISTIANE PEREIRA COSTA                 RODOVIA TRANSAMAZONICA, S|N KM 243 PACAJ            68485000                                                            000007
100000 000000000000 00090345100325490REGTIT30766155200000     0002020000005968417800000000002N           2  02000596841715031900000000185000000000099N211218000000000000000120000000000000000000000000000000000000000000000100040157008215MARIA IZABEL MONTEIRO SOEIRO            BACURIZINHO (SALVATERRA), 000 MARAJO  BE            66886000                                                            000008
100000 000000000000 00090345100325490REGTIT30766434514890     0002020000005976353100000000002N           2  02000597635319021900000000032800000000099N190119000000000000000020000000000000000000000000000000000000000000000100001621024962LINDIOMAR PEDRO DE OLIVEIRA             BELA VISTA, 0 CENTRO OURIZONA PR                    87100000                                                            000009
100000 000000000000 00090345100325490REGTIT30766434514890     0002020000005976354P00000000002N           2  02000597635419031900000000032800000000099N190119000000000000000020000000000000000000000000000000000000000000000100001621024962LINDIOMAR PEDRO DE OLIVEIRA             BELA VISTA, 0 CENTRO OURIZONA PR                    87100000                                                            000010
100000 000000000000 00090345100325490REGTIT30767155919157     0002020000005993949400000000002N           2  01000599394920041900000001560000000000099N200319000000000000001040000000000000000000000000000000000000000000000100017096894802LOUSANE PINTO DE MOURA ELIZARIO         FÁBIO BARBOSA LIMA, 278 JARDIM IRAPIRANG            05891240                                                            000011
100000 000000000000 00090345100325490REGTIT30768910887882     0002020000005993941900000000002N           2  01000599394120041900000001560000000000099N200319000000000000001040000000000000000000000000000000000000000000000100037050595802LIGIVANIA DE FRANCA                     JOAO MACHADO DE OLIVEIRA, 39 JARDIM COME            05885290                                                            000012
9                                                                                                                                                                                                                                                                                                                                                                                                         000013