01REMESSA01COBRANCA       00000000000004852239ISPCN                         237BRADESCO       260319        MX0003125                                                                                                                                                                                                                                                                                     000001
100000 000000000000 00090345100325490REGTIT31251209408976     0002020000005947942600000000002N           2  02000594794210031900000000083340000000099N181018000000000000000060000000000000000000000000000000000000000000000100007796230451AUCILENE DE PAIVA LIMA SILVA            RUA 17, 36 RIO CORRENTE  PETROLINA  PE              56300000                                                            000002
100000 000000000000 00090345100325490REGTIT31251532429671     0002020000005995618600000000002N           2  01000599561826041900000000500000000000099N260319000000000000000330000000000000000000000000000000000000000000000100001673507905LAURO ADALBERTO ZAZE DIAS               BARRAO DO CERRO AZUL, 1117 CENTRO PIRAQU            83301000                                                            000003
100000 000000000000 00090345100325490REGTIT31251928015760     0002020000005995620800000000002N           2  01000599562026041900000004659000000000099N260319000000000000003110000000000000000000000000000000000000000000000100030509055818SERGIO SANTOS DA SILVA                  RUA OLIMPIO RODRIGUES DE ARAUJO, 30 JARD            05894390                                                            000004
100000 000000000000 00090345100325490REGTIT31252006849451     0002020000005976812600000000002N           2  02000597681210041900000000220000000000099N220119000000000000000370000000000000000000000000000000000000000000000100071196625387JOÃO MENDES PAURÁ                       CONJUNTO BEIJA FLOR, 33 QUADRA 19 BEIJA             67200000                                                            000005
100000 000000000000 00090345100325490REGTIT31253165171307     0002020000005949488300000000002N           2  02000594948826031900000000033340000000099N271018000000000000000020000000000000000000000000000000000000000000000100003051691496KEYLA CLECIA TEIXEIRA SALES             RUA PIO XII, 304 CENTRO  PETROLINA  PE              56300000                                                            000006
100000 000000000000 00090345100325490REGTIT31253785486688     0002020000005938017900000000002N           2  02000593801718031900000000058340000000099N190918000000000000000040000000000000000000000000000000000000000000000100002311440403IOLANDA LACERDA                         RUA ANA NERY, 190 CENTRO  PETROLINA  PE             56300000                                                            000007
100000 000000000000 00090345100325490REGTIT31253912186047     0002020000005976206300000000002N           2  02000597620625021900000000255550000000099N180119000000000000000170000000000000000000000000000000000000000000000100013319214810ELAINE CRISTINA CABRAL                  HERMES RIBEIRO DE FREITAS, 510 JARDIM EL            05793260                                                            000008
100000 000000000000 00090345100325490REGTIT31254873937678     0002020000005995632100000000002N           2  01000599563226041900000004301000000000099N260319000000000000002870000000000000000000000000000000000000000000000100027958820860PRISCILLA SALVE DE ARAUJO               RUA JARACATIA, 455 JARDIM UMARIZAL SAO P            05754070                                                            000009
100000 000000000000 00090345100325490REGTIT31254928989108     0002020000005918477900000000002N           2  02000591847720031900000000220000000000099N230718000000000000000150000000000000000000000000000000000000000000000100039754382824RENAN DA SILVA FERREIRA                 CLAUDIO MANOEL DA COSTA, 867 PARQUE OLAR            13458027                                                            000010
100000 000000000000 00090345100325490REGTIT31255236157770     0002020000005995623200000000002N           2  01000599562326041900000000100000000000099N260319000000000000000130000000000000000000000000000000000000000000000100001023807165MIRIAM JULIA DE SOUZA                   RUA 14 E, SN QUADRA 56 LOTE 01 GARAVELO             74932330                                                            000011
100000 000000000000 00090345100325490REGTIT31255635010744     0002020000005968963300000000002N           2  02000596896327031900000000028050000000099N271218000000000000000020000000000000000000000000000000000000000000000100004799468928EDINEIA DA SILVA                        VILA RURAL, 0 CENTRO OURIZONA PR                    87170000                                                            000012
100000 000000000000 00090345100325490REGTIT31255768378008     0002020000005995628300000000002N           2  01000599562827031900000000150000000000099N260319000000000000000100000000000000000000000000000000000000000000000229936731000125BRUNO FERIAS CANDEIAS                   MARECHAL DEODORO, 211 12 ANDAR - SALA 12            80020910                                                            000013
100000 000000000000 00090345100325490REGTIT31255768378008     0002020000005995629100000000002N           2  01000599562915041900000000182000000000099N260319000000000000000120000000000000000000000000000000000000000000000229936731000125BRUNO FERIAS CANDEIAS                   MARECHAL DEODORO, 211 12 ANDAR - SALA 12            80020910                                                            000014
100000 000000000000 00090345100325490REGTIT31255768378008     0002020000005995630500000000002N           2  01000599563015051900000000182000000000099N260319000000000000000120000000000000000000000000000000000000000000000229936731000125BRUNO FERIAS CANDEIAS                   MARECHAL DEODORO, 211 12 ANDAR - SALA 12            80020910                                                            000015
100000 000000000000 00090345100325490REGTIT31255849431691     0002020000005947948500000000002N           2  02000594794817031900000000100000000000099N181018000000000000000070000000000000000000000000000000000000000000000100090247205400EVANITO JOAQUIM DA SILVA                AREA 21, S/N  PROJETO MARIA TEREZA  PETR            00000000                                                            000016
100000 000000000000 00090345100325490REGTIT31257060896476     0002020000005918766200000000002N           2  02000591876624031900000000500000000000099N240718000000000000000330000000000000000000000000000000000000000000000100030921274807RAFAEL LOPES DE OLIVEIRA                JUSTINIANO CARRANZA, 24 JARDIM MITSUTANI            05791170                                                            000017
100000 000000000000 00090345100325490REGTIT31257121173983     0002020000005995634800000000002N           2  01000599563426041900000000902840000000099N260319000000000000000600000000000000000000000000000000000000000000000100043880453810ANDEROSN FREITAS DA SILVA               SANTOS DUMONT, 145 JARDIM SANTO EDUARDO             06823270                                                            000018
100000 000000000000 00090345100325490REGTIT31257501699394     0002020000005957494100000000002N           2  02000595749420031900000000439830000000099N161118000000000000000290000000000000000000000000000000000000000000000100004916250818BRAZ CHAGAS                             FOZ DO IGUACU, 67 JARDIM VALO VELHO ITAP            06856800                                                            000019
100000 000000000000 00090345100325490REGTIT31257696349177     0002020000005995617800000000002N           2  01000599561726041900000001600000000000099N260319000000000000001070000000000000000000000000000000000000000000000100022389246800SEBASTIANA DE LIMA SILVA                RUA RAMONA BARROSO FERNANDEZ, 232 JARDIM            05790430                                                            000020
100000 000000000000 00090345100325490REGTIT31257767946773     0002020000005995609700000000002N           2  01000599560926041900000002240000000000099N260319000000000000001490000000000000000000000000000000000000000000000100012456432827BENEDITO FRANCISCO DA CRUZ              RUA SAO CAETANO, 54 JARDIM SAO MARCOS EM            06814135                                                            000021
100000 000000000000 00090345100325490REGTIT31258009654171     0002020000005995625900000000002N           2  01000599562526041900000002700000000000099N260319000000000000001800000000000000000000000000000000000000000000000100023088564838DOUGLAS DINIS DA SILVA                  RUA ATUCUPE, 342  BL,12,AP 6  JARDIM LEO            05792050                                                            000022
100000 000000000000 00090345100325490REGTIT31258420597306     0002020000005995607000000000002N           2  01000599560726041900000003760000000000099N260319000000000000002510000000000000000000000000000000000000000000000100045001596572MARIZETE CARDOSO SANTOS                 RUA ALMIRANTE BARROSO, 485 AP 301 GETULI            96201001                                                            000023
100000 000000000000 00090345100325490REGTIT31259125736339     0002020000005966093700000000002N           2  02000596609320031900000000140000000000099N081218000000000000000090000000000000000000000000000000000000000000000100011229320814MARIA APARECIDA CABAL SICHELLI          SEBASTIAO BENEDITO DO AMARAL, 537 VILA L            13450395                                                            000024
100000 000000000000 00090345100325490REGTIT31259138684889     0002020000005995626700000000002N           2  01000599562630031900000000250000000000099N260319000000000000000170000000000000000000000000000000000000000000000212271905000185F.C CORREA OFICINA MECANICA             FRANCISCO FERREIRA DA CRUZ, 1910 B EUCAL            83820293                                                            000025
100000 000000000000 00090345100325490REGTIT31259138684889     0002020000005995627500000000002N           2  01000599562730041900000000250000000000099N260319000000000000000170000000000000000000000000000000000000000000000212271905000185F.C CORREA OFICINA MECANICA             FRANCISCO FERREIRA DA CRUZ, 1910 B EUCAL            83820293                                                            000026
100000 000000000000 00090345100325490REGTIT31259782520362     0002020000005920866P00000000002N           2  02000592086612031900000000230000000000099N070818000000000000000150000000000000000000000000000000000000000000000100036046207835SONIA THEODORO GIL                      GENERAL COUTO MAGALHAES, 236 31 DE MARCO            13453135                                                            000027
9                                                                                                                                                                                                                                                                                                                                                                                                         000028