01REMESSA01COBRANCA       00000000000004972103WC SISTEMAS E EQUIPAMENTOS DE 237BRADESCO       140319        MX0002627                                                                                                                                                                                                                                                                                     000001
100000 000000000000 00090345100240370REGTIT26271903071314     0002020000005991168900000000002N           2  02190307131429031900000000099800000000099N130319000000000000000150000000000000000000000000000000000000000000000220554483000183ANDREIA SOUTO DE OLIVEIRA               RUA CONEGO STANISLAU SCHERER, 548                   92500000                                                            000002
100000 000000000000 00090345100240370REGTIT2627997129828527   0002020090005993038200000000002N           2  01997129828529031900000000099800000000099N140319000000000000000150000000000000000000000000000000000000000000000220554483000183ANDREIA SOUTO DE OLIVEIRA EIRELI - ME   R CONEGO STANISLAU SCHERER, 544                     92500000                                                            000003
9                                                                                                                                                                                                                                                                                                                                                                                                         000004