01REMESSA01COBRANCA       00000000000004852239ISPCN                         237BRADESCO       190319        MX0003069                                                                                                                                                                                                                                                                                     000001
100000 000000000000 00090345100325490REGTIT30692250646269     0002020000005968480100000000002N           2  02000596848028021900000000503750000000099N221218000000000000000340000000000000000000000000000000000000000000000100049832079888GABRIEL LEITE DA SILVA                  MARIA HENRIQUETA INACIO BAPTISTA, 315 JA            06775151                                                            000002
100000 000000000000 00090345100325490REGTIT30692250646269     0002020000005968481P00000000002N           2  02000596848130031900000000503750000000099N221218000000000000000340000000000000000000000000000000000000000000000100049832079888GABRIEL LEITE DA SILVA                  MARIA HENRIQUETA INACIO BAPTISTA, 315 JA            06775151                                                            000003
100000 000000000000 00090345100325490REGTIT30693077039908     0002020000005993763700000000002N           2  01000599376319041900000000657590000000099N190319000000000000000440000000000000000000000000000000000000000000000100033264979896FABIO SANTOS DO NASCIMENTO              JIRO MARUYAMA, 528 CASA 2 JARDIM HELENA             06765060                                                            000004
100000 000000000000 00090345100325490REGTIT30693805308908     0002020000005969876400000000002N           2  02000596987610031900000000148000000000099N090119000000000000000100000000000000000000000000000000000000000000000100078752434915ELIANA MARIANO DE OLIVEIRA              VENCESLAU BRAZ, 145 CONJUNTO HABITACIONA            13453189                                                            000005
100000 000000000000 00090345100325490REGTIT30694131190669     0002020000005969803900000000002N           2  02000596980308031900000000141670000000099N080119000000000000000090000000000000000000000000000000000000000000000100025801296859OSCAR SILGUEIRA FREIRE                  DEZESSETE, 135 PQ DO CAFE UM MONTE MOR S            13190000                                                            000006
100000 000000000000 00090345100325490REGTIT30694477991142     0002020000005900858P00000000002N           2  02000590085810031900000000179400000000099N020618000000000000000120000000000000000000000000000000000000000000000100020513409866ADRIANA MARTINS SALGADO                 EST SÃO FRANCISCO, 1041  AP 233 BL B JD             06764290                                                            000007
100000 000000000000 00090345100325490REGTIT30694660702165     0002020000005968150000000000002N           2  02000596815011031900000000277000000000099N201218000000000000000180000000000000000000000000000000000000000000000100025801296859OSCAR SILGUEIRA FREIRE                  DEZESSETE, 135 PQ DO CAFE UM MONTE MOR S            13190000                                                            000008
100000 000000000000 00090345100325490REGTIT30694861787478     0002020000005958569200000000002N           2  02000595856910031900000000060000000000099N241118000000000000000040000000000000000000000000000000000000000000000100046761489920JOAO CORREIA                            ATLAS, 940 CENTRO OURIZONA PR                       87170000                                                            000009
100000 000000000000 00090345100325490REGTIT30695221088818     0002020000005928239800000000002N           2  02000592823923021900000000108330000000099N230818000000000000000070000000000000000000000000000000000000000000000100024847344847GERLANDIO VIEIRA DE FREITAS             SAO LAZARO GLEBA 03 CASA 03 NUMERO 353,             72700000                                                            000010
100000 000000000000 00090345100325490REGTIT30695463700977     0002020000005993759900000000002N           2  01000599375919041900000002714300000000099N190319000000000000001810000000000000000000000000000000000000000000000100012861282851FRANCISCA ANTONIA DE SOUZA              PIRAJUSSARA VALO VELHO, 1666 AP 44  PIRA            05791220                                                            000011
100000 000000000000 00090345100325490REGTIT30697511923271     0002020000005985043400000000002N           2  02000598504320031900000000230000000000099N160219000000000000000150000000000000000000000000000000000000000000000100028950007860SARA QUEIROZ RIBEIRO FELICIANO          ORLANDO CERCHIARE, 105 JARDIM VILA RICA             13453255                                                            000012
100000 000000000000 00090345100325490REGTIT30697839707301     0002020000005928827200000000002N           2  02000592882725031900000000118750000000099N270818000000000000000080000000000000000000000000000000000000000000000100091397723149MADALENA  LAURA  DA  SILVA              RUA  48, N 260 JOAO  DE  DEUS PETROLINA             56300000                                                            000013
100000 000000000000 00090345100325490REGTIT30698428325263     0002020000005993771800000000002N           2  01000599377119041900000001820000000000099N190319000000000000001210000000000000000000000000000000000000000000000100042847899880FELIX RODRIGUES LOBATO DOS SANTOS       DOMINGOS DE GOES, 91 BL G AP 32 JARDIM C            05767340                                                            000014
100000 000000000000 00090345100325490REGTIT30698547016017     0002020000005993761000000000002N           2  01000599376119041900000000518480000000099N190319000000000000000350000000000000000000000000000000000000000000000100023564099808FELIPE SERGIO DOS SANTOS                COTIA, 14 CS1 JD SAO MARCOS EMBU SP                 06825010                                                            000015
100000 000000000000 00090345100325490REGTIT30698864709374     0002020000005985201100000000002N           2  02000598520118031900000000201750000000099N180219000000000000000130000000000000000000000000000000000000000000000100010244805938CLEYTON MONTOLI                         JACKSON LUIZ PAVIN, 236 CASA 02 ROCA GRA            83402194                                                            000016
100000 000000000000 00090345100325490REGTIT30699638299706     0002020000005918793P00000000002N           2  02000591879320021900000000108000000000099N250718000000000000000070000000000000000000000000000000000000000000000100008637533884JAIRA CARLOS                            MARIO DANIEL, 80 ROCHELLE II SANTA BARBA            13450000                                                            000017
100000 000000000000 00090345100325490REGTIT30699685585420     0002020000005993764500000000002N           2  01000599376427041900000000340000000000099N190319000000000000000230000000000000000000000000000000000000000000000100076451674168KLEBER AUGUSTO MONTEIRO MELO            QR415 CONJ02 CASA, 5 NORTE CEILANDIA DF             72235616                                                            000018
9                                                                                                                                                                                                                                                                                                                                                                                                         000019