01REMESSA01COBRANCA       00000000000004852239ISPCN                         237BRADESCO       250319        MX0003109                                                                                                                                                                                                                                                                                     000001
100000 000000000000 00090345100325490REGTIT31091794763977     0002020000005995373P00000000002N           2  01000599537309041900000000250000000000099N250319000000000000000170000000000000000000000000000000000000000000000100036629804104OSVALDO CAMARGO DA SILVA                ELIZIO MENEZES FERREIRA, 174 JD TARUMA N            79950000                                                            000002
100000 000000000000 00090345100325490REGTIT31091794763977     0002020000005995374800000000002N           2  01000599537409051900000000250000000000099N250319000000000000000170000000000000000000000000000000000000000000000100036629804104OSVALDO CAMARGO DA SILVA                ELIZIO MENEZES FERREIRA, 174 JD TARUMA N            79950000                                                            000003
100000 000000000000 00090345100325490REGTIT31091938896137     0002020000005995381000000000002N           2  01000599538110041900000000210000000000099N250319000000000000000140000000000000000000000000000000000000000000000100004931256120JOSSMAIR JUSTINO RICARDO                RUA PORTO DOS GAUCHOS, 24 CASA 2 B SAO J            79094430                                                            000004
100000 000000000000 00090345100325490REGTIT31091938896137     0002020000005995382900000000002N           2  01000599538210051900000000210000000000099N250319000000000000000140000000000000000000000000000000000000000000000100004931256120JOSSMAIR JUSTINO RICARDO                RUA PORTO DOS GAUCHOS, 24 CASA 2 B SAO J            79094430                                                            000005
100000 000000000000 00090345100325490REGTIT31092059191755     0002020000005985834600000000002N           2  02000598583408041900000002175290000000099N230219000000000000001450000000000000000000000000000000000000000000000100040117158836HORACIA GODINHO DA SILVA CARDOSO        ANTONIO LINDORIO PINTO, 154 SENHORINHA J            06950000                                                            000006
100000 000000000000 00090345100325490REGTIT31093323095403     0002020000005930806000000000002N           2  02000593080601031900000000108350000000099N040918000000000000000070000000000000000000000000000000000000000000000100001102568406EDINEZ GOMES DE BARROS CARVALHO         RUA:32, N:369 JOÃO DE DEUS PETROLINA PE             56300000                                                            000007
100000 000000000000 00090345100325490REGTIT31093974685014     0002020000005995380200000000002N           2  01000599538015041900000001830000000000099N250319000000000000001220000000000000000000000000000000000000000000000212215120000195MIGRA TRANSPORTES                       AC RODOVIA SC 449-EDEVAR PELEGRINI - KM             88920000                                                            000008
100000 000000000000 00090345100325490REGTIT31094874820121     0002020000005977743500000000002N           2  02000597774312031900000000089000000000099N290119000000000000000060000000000000000000000000000000000000000000000100012382509805IVETE SOUZA LIMA FERNANDES              ALFEU SCHIMIDT BL P APT 12, 221 PLANALTO            13453833                                                            000009
100000 000000000000 00090345100325490REGTIT31094902052688     0002020000005968221300000000002N           2  02000596822122031900000000260000000000099N201218000000000000000170000000000000000000000000000000000000000000000100017151800894LUZIA TEREZINHA VITTI DE MORAES         PERU, 358 JARDIM SARTORI SANTA BARBARA D            13450197                                                            000010
100000 000000000000 00090345100325490REGTIT31095260507149     0002020000005977437100000000002N           2  02000597743725031900000000047400000000099N250119000000000000000030000000000000000000000000000000000000000000000100005036597974VALDIRENE LOPES DE SOUZA                IBIRAPITANGA, 0 FAZENDA BURITI CENTRO MA            87170000                                                            000011
100000 000000000000 00090345100325490REGTIT31095683803140     0002020000005960707600000000002N           2  02000596070728021900000000100000000000099N061218000000000000000070000000000000000000000000000000000000000000000100094358222234NELMA REGINA RAMOS DOS SANTOS           RIO CARACARA (CACHOEIRA DO ARARI), 00 MA            68840000                                                            000012
100000 000000000000 00090345100325490REGTIT31095683803140     0002020000005960708400000000002N           2  02000596070830031900000000100000000000099N061218000000000000000070000000000000000000000000000000000000000000000100094358222234NELMA REGINA RAMOS DOS SANTOS           RIO CARACARA (CACHOEIRA DO ARARI), 00 MA            68840000                                                            000013
100000 000000000000 00090345100325490REGTIT31095712640823     0002020000005969109300000000002N           2  02000596910925031900000000145000000000099N281218000000000000000100000000000000000000000000000000000000000000000100007027799383AMANDA COSTA DE OLIVEIRA                DO CRUZEIRO, 5 CRUZEIRO  BELEM  PA                  66810010                                                            000014
100000 000000000000 00090345100325490REGTIT31095788745184     0002020000005978012600000000002N           2  02000597801220031900000000125000000000099N310119000000000000000080000000000000000000000000000000000000000000000100002356296263DALVAENILDE RAMOS FILHA DE MIRANDA      CACHOEIRA DO ARARI, 000 CACHOEIRA DO ARA            68840000                                                            000015
100000 000000000000 00090345100325490REGTIT31098999967980     0002020000005978108400000000002N           2  02000597810828041900000000200000000000099N010219000000000000000130000000000000000000000000000000000000000000000100005744970215ALCINDO TELES DA SILVA                  PRESIDENTE CASTELO BRANCO, 725 TAPANA (I            66825070                                                            000016
100000 000000000000 00090345100325490REGTIT31099045846652     0002020000005995399300000000002N           2  01000599539919041900000000425000000000099N250319000000000000000280000000000000000000000000000000000000000000000100081782500987LUCIA APARECIDA DA SILVA MARCELINO      GERAL DA QUARDA, 0 CARRUCRU TUBARAO SC              88708800                                                            000017
100000 000000000000 00090345100325490REGTIT31099045846652     0002020000005995400000000000002N           2  01000599540019051900000000425000000000099N250319000000000000000280000000000000000000000000000000000000000000000100081782500987LUCIA APARECIDA DA SILVA MARCELINO      GERAL DA QUARDA, 0 CARRUCRU TUBARAO SC              88708800                                                            000018
100000 000000000000 00090345100325490REGTIT31099561611012     0002020000005995397700000000002N           2  01000599539720041900000000350000000000099N250319000000000000000230000000000000000000000000000000000000000000000100037849522168VALDECI MARCOS                          SC 438 KM13, 0 POUZO ALTO TUBARAO SC                88708800                                                            000019
100000 000000000000 00090345100325490REGTIT31099561611012     0002020000005995398500000000002N           2  01000599539820051900000000350000000000099N250319000000000000000230000000000000000000000000000000000000000000000100037849522168VALDECI MARCOS                          SC 438 KM13, 0 POUZO ALTO TUBARAO SC                88708800                                                            000020
100000 000000000000 00090345100325490REGTIT31099913164046     0002020000005995393400000000002N           2  01000599539310041900000000275000000000099N250319000000000000000180000000000000000000000000000000000000000000000100088790010949NEUZA CORREIA DE SOLZA                  PEDRO ZAPELINI, 0 POVOADO TERMAS DO GRAV            88735000                                                            000021
100000 000000000000 00090345100325490REGTIT31099913164046     0002020000005995394200000000002N           2  01000599539410051900000000275000000000099N250319000000000000000180000000000000000000000000000000000000000000000100088790010949NEUZA CORREIA DE SOLZA                  PEDRO ZAPELINI, 0 POVOADO TERMAS DO GRAV            88735000                                                            000022
9                                                                                                                                                                                                                                                                                                                                                                                                         000023