01REMESSA01COBRANCA       00000000000004852239ISPCN                         237BRADESCO       010319        MX0002923                                                                                                                                                                                                                                                                                     000001
100000 000000000000 00090345100325490REGTIT29231185743353     0002020000005948681300000000002N           2  01000594868130041900000000420000000000099N231018000000000000000280000000000000000000000000000000000000000000000100022292190818KARINA DA SILVA                         ANTONIO LOPES MACHADO, 288 JARDIM MACEDO            05894260                                                            000002
100000 000000000000 00090345100325490REGTIT29231225118525     0002020000005984372100000000002N           2  01000598437230041900000000166670000000099N120219000000000000000110000000000000000000000000000000000000000000000100000654235260MARIA ANTONIA DE SOUSA E SILVA          VICINAL 135 NORTE, S|N ZONA RURAL  URUAR            68140000                                                            000003
100000 000000000000 00090345100325490REGTIT29231340624747     0002020000005967287000000000002N           2  01000596728730041900000000200000000000099N151218000000000000000130000000000000000000000000000000000000000000000100039903378823JOHNNY SOUZA DA SILVA                   EUBEIA, 4729 VILA DO SOL SAO PAULO SP               04962170                                                            000004
100000 000000000000 00090345100325490REGTIT29231351711691     0002020000005947373800000000002N           2  02000594737305031900000000170000000000099N151018000000000000000110000000000000000000000000000000000000000000000100039734749234OLGARINA SOARES DE OLIVEIRA             MAURA, 160 PONTA GROSSA (ICOARACI) BELEM            66812410                                                            000005
100000 000000000000 00090345100325490REGTIT29231425018989     0002020000005950040900000000002N           2  01000595004030041900000000108350000000099N311018000000000000000070000000000000000000000000000000000000000000000100043549942400DAVI  COELHO  DOS  ANJOS                RUA POVOADO, N 02 MUNICIPIO  PETROLINA P            56300000                                                            000006
100000 000000000000 00090345100325490REGTIT29231443441580     0002020000005937349000000000002N           2  02000593734913021900000000075000000000099N140918000000000000000050000000000000000000000000000000000000000000000100092721320530JOSÉ MARQUES BRANDÃO NETO               RUA 05, 10 JARDIM FLORIDA  JUAZEIRO  BA             56300000                                                            000007
100000 000000000000 00090345100325490REGTIT29231471809951     0002020000005967152100000000002N           2  01000596715230041900000000220000000000099N141218000000000000000150000000000000000000000000000000000000000000000100051805502204MARINEZ FEITOSA GENTIL                  WE 09, 1315 COQUEIRO BELEM PA                       66670250                                                            000008
100000 000000000000 00090345100325490REGTIT29231474318409     0002020000005976944000000000002N           2  01000597694430041900000000200000000000099N230119000000000000000130000000000000000000000000000000000000000000000100056497210172CARLOS MARCELO FEITOSA                  24 CONJUNTO I, 17 CASA 17 CEILANDIA SUL             72235409                                                            000009
100000 000000000000 00090345100325490REGTIT29231488277758     0002020000005978663900000000002N           2  01000597866330041900000000125000000000099N060219000000000000000080000000000000000000000000000000000000000000000100093131933291SILVANY EVANGELISTA DIAS                ALAGOAS, 520A JUCARA IMPERATRIZ MA                  65919170                                                            000010
100000 000000000000 00090345100325490REGTIT29231543776591     0002020000005976434100000000002N           2  01000597643430041900000000055000000000099N200119000000000000000090000000000000000000000000000000000000000000000100004975122979R BARBOSA                               JULIETA SCARAMUSSA MARQUES, 1886 ALTO BO            81770235                                                            000011
100000 000000000000 00090345100325490REGTIT29231548003115     0002020000005985457P00000000002N           2  01000598545730041900000000500000000000099N190219000000000000000330000000000000000000000000000000000000000000000100031994820829ROSICLEITON DE AGUIAR GONÇLAVES         AUGUSTO BARBOSA TAVARES, 873 JARDIM IRAC            05790140                                                            000012
100000 000000000000 00090345100325490REGTIT29231649508298     0002020000005977357P00000000002N           2  01000597735730041900000000120000000000099N240119000000000000000080000000000000000000000000000000000000000000000100045824517215NIVEA REGINA FERREIRA DE CASTRO         QUATRO (CJ CORDEIRO DE FARIAS), 130 TAPA            66833040                                                            000013
100000 000000000000 00090345100325490REGTIT29231657147473     0002020000005966424P00000000002N           2  02000596642428021900000000325000000000099N101218000000000000000220000000000000000000000000000000000000000000000100021873562802CARLOS ALEXANDRE MILANEZ                DE CILLO, 1722 CENTRO SANTA BARBARA D OE            13450041                                                            000014
100000 000000000000 00090345100325490REGTIT29231692498649     0002020000005969173500000000002N           2  01000596917330041900000000140000000000099N311218000000000000000090000000000000000000000000000000000000000000000100000042500109AUGUSTO DA SILVA                        TORIXOREU, 160 COHAB NOVA  CUIABA  MT               78000000                                                            000015
100000 000000000000 00090345100325490REGTIT29231693422864     0002020000005946877700000000002N           2  02000594687705021900000000100000000000099N101018000000000000000070000000000000000000000000000000000000000000000100070445132477OSCAR ALVES DE SENA                     RUA: FLORENCE RODRIGUES, 88 RAJADA RAJAD            56300000                                                            000016
100000 000000000000 00090345100325490REGTIT29231693422864     0002020000005946878500000000002N           2  02000594687805031900000000100000000000099N101018000000000000000070000000000000000000000000000000000000000000000100070445132477OSCAR ALVES DE SENA                     RUA: FLORENCE RODRIGUES, 88 RAJADA RAJAD            56300000                                                            000017
100000 000000000000 00090345100325490REGTIT29231933515431     0002020000005978703100000000002N           2  01000597870330041900000000095000000000099N060219000000000000000060000000000000000000000000000000000000000000000100085747092200REGIANE PEREIRA DOS SANTOS              ALAGOAS, 520A JUCARA IMPERATRIZ MA                  65919170                                                            000018
100000 000000000000 00090345100325490REGTIT29232010102818     0002020000005978900P00000000002N           2  01000597890030041900000000200000000000099N070219000000000000000130000000000000000000000000000000000000000000000100098428322368MARIA EUNICE DA SILVA CONCEIÇÃO         ALAGOAS, 520A JUCARA IMPERATRIZ MA                  65919170                                                            000019
100000 000000000000 00090345100325490REGTIT29232032830644     0002020000005930485500000000002N           2  01000593048530041900000000090000000000099N030918000000000000000060000000000000000000000000000000000000000000000100002917790423ANA LEONOR DOS ANJOS                    RUA DA LIBERDADE, 31 DOM AVELAR PETROLIN            56300000                                                            000020
100000 000000000000 00090345100325490REGTIT29232042061851     0002020000005984552P00000000002N           2  01000598455230041900000000087600000000099N130219000000000000000060000000000000000000000000000000000000000000000100022991875100ROSANIA DE OLIVEIRA PEREIRA ALMEIDA     SANTA CECILIA, 91 CIDADE VERDE  CUABA MT            00078028                                                            000021
100000 000000000000 00090345100325490REGTIT29232081595932     0002020000005985736600000000002N           2  01000598573630041900000000195000000000099N220219000000000000000130000000000000000000000000000000000000000000000100003900475202TEREZA DOS SANTOS RAMOS                 RIO CARA-CARA, 00 CACHOEIRA DO ARARI MAR            68840000                                                            000022
100000 000000000000 00090345100325490REGTIT29232086239945     0002020000005968059800000000002N           2  01000596805930041900000000160000000000099N191218000000000000000110000000000000000000000000000000000000000000000100001071493892HAMILTON SILVA                          ANTONIO NUNES DE AZEVEDO, 465 AP 01 JARD            05891170                                                            000023
100000 000000000000 00090345100325490REGTIT29232262225399     0002020000005986025100000000002N           2  02000598602502031900000000210000000000099N260219000000000000000140000000000000000000000000000000000000000000000100019700625842JANETE GOMES DAS NEVES MACARI           QUINZE DE NOVEMBRO, 622 623 11 FIM 1127             13450044                                                            000024
100000 000000000000 00090345100325490REGTIT29232278357466     0002020000005958497100000000002N           2  01000595849730041900000000070000000000099N231118000000000000000050000000000000000000000000000000000000000000000100000593456165CELIA BARBOSA DOS SANTOS                I, 53 QD 13 NOVO PARAISO CUIABA MT                  78055724                                                            000025
100000 000000000000 00090345100325490REGTIT29232345216675     0002020000005985403000000000002N           2  01000598540330041900000000110000000000099N190219000000000000000070000000000000000000000000000000000000000000000100000539614980CLAUDINÉIA APARECIDA DA SILVA DE MATTOS RIO IVAI, 1688 IGUACU FAZENDA RIO GRANDE            83833098                                                            000026
100000 000000000000 00090345100325490REGTIT29232351426217     0002020000005958757100000000002N           2  01000595875730041900000000180000000000099N261118000000000000000120000000000000000000000000000000000000000000000100002792607840FABIO SANS MELLO                        PADRE ANCHIETA, 146 VILA SIQUEIRA CAMPOS            13451036                                                            000027
100000 000000000000 00090345100325490REGTIT29232362216955     0002020000005977882200000000002N           2  01000597788230041900000000265000000000099N300119000000000000000180000000000000000000000000000000000000000000000100057950199253EDILEIA NANCI DE ALMEIDA                TRAVESSA BELEM, 380, 380 SAO JOAO DO OUT            66840055                                                            000028
100000 000000000000 00090345100325490REGTIT29232392747613     0002020000005958455600000000002N           2  01000595845530041900000000110000000000099N231118000000000000000070000000000000000000000000000000000000000000000100005929176493ANA PAULA LIMA DAS NEVES                RUA 44, 13 A  HENRIQUE LEITE  PETROLINA             56300000                                                            000029
100000 000000000000 00090345100325490REGTIT29232426494115     0002020000005985499500000000002N           2  01000598549930041900000000234000000000099N190219000000000000000160000000000000000000000000000000000000000000000100013975759801LOURIVAL CIRINO DE FRANCA FILHO         IBIUNA, 120 ARRAIAL PAULISTA  TABOAO DA             06780210                                                            000030
100000 000000000000 00090345100325490REGTIT29232450840100     0002020000005845760700000000002N           2  01000584576030041900000000400000000000099N020118000000000000000270000000000000000000000000000000000000000000000100012808579608DÉBORA DE OLIVEIRA                      SITIO CASINHAS, 0 CENTRO NOVA RESENDE MG            37860000                                                            000031
100000 000000000000 00090345100325490REGTIT29232503816241     0002020000005969415700000000002N           2  01000596941530041900000000203070000000099N040119000000000000000140000000000000000000000000000000000000000000000100008948809938LUCAS RENAN DE SOUZA FIGUEIREDO         ANITA GARIBALDI, 34 BARREIRINHA CURITIBA            82220000                                                            000032
100000 000000000000 00090345100325490REGTIT29232516317139     0002020000005984348900000000002N           2  01000598434830041900000000146670000000099N120219000000000000000100000000000000000000000000000000000000000000000100085287962215IDALICIO NASCIMENTO ROCHA               VICINAL 115 SUL, S|N ZONA RURAL  MEDICIL            68145000                                                            000033
100000 000000000000 00090345100325490REGTIT29232575928212     0002020000005978229300000000002N           2  01000597822930041900000000110000000000099N010219000000000000000070000000000000000000000000000000000000000000000100024683981220MARIA RUTHPALHA DE OLIVEIRA             CORONEL JUVENCIO SARMENTO, 965 CASA DOS             66810080                                                            000034
100000 000000000000 00090345100325490REGTIT29232733817257     0002020000005978895P00000000002N           2  01000597889530041900000000120000000000099N070219000000000000000080000000000000000000000000000000000000000000000100082500380297MARIA ELISABETE GOMES DE LIMA           ALAGOAS, 520A JUCARA IMPERATRIZ MA                  65919170                                                            000035
100000 000000000000 00090345100325490REGTIT29232832353264     0002020000005897880100000000002N           2  02000589788030041900000000250000000000099N170518000000000000000170000000000000000000000000000000000000000000000100001385953560JONAS DOS SANTOS ASSUNÇÃO               MIGUEL CARLOS SILVA, 68 JARDIM PANORAMA             06785120                                                            000036
100000 000000000000 00090345100325490REGTIT29232869734693     0002020000005984357800000000002N           2  01000598435730041900000000156670000000099N120219000000000000000100000000000000000000000000000000000000000000000100082276820225ANGELITA PEREIRA SILVA                  VICINAL 115 SUL, 3 ZONA RURAL  MEDICILAN            68145000                                                            000037
100000 000000000000 00090345100325490REGTIT29232876566180     0002020000005959815800000000002N           2  02000595981528021900000000351880000000099N301118000000000000000230000000000000000000000000000000000000000000000100007555564963RENAN EDUARDO MACHADO                   ANGELO PIANARO, 2140 CASA BUTIATUVINHA C            82320570                                                            000038
100000 000000000000 00090345100325490REGTIT29232876566180     0002020000005959817400000000002N           2  01000595981730041900000000351880000000099N301118000000000000000230000000000000000000000000000000000000000000000100007555564963RENAN EDUARDO MACHADO                   ANGELO PIANARO, 2140 CASA BUTIATUVINHA C            82320570                                                            000039
100000 000000000000 00090345100325490REGTIT29232936805917     0002020000005978741400000000002N           2  01000597874130041900000000100000000000099N060219000000000000000070000000000000000000000000000000000000000000000100079084869249ESTACIA GAIA DOS SANTOS SANTANA         ALAGOAS, 520A JUCARA IMPERATRIZ MA                  65919170                                                            000040
100000 000000000000 00090345100325490REGTIT29233021613363     0002020000005978927100000000002N           2  01000597892730041900000000130000000000099N070219000000000000000090000000000000000000000000000000000000000000000100002195985259DEIJIANE SANTOS DO CARMO                ALAGOAS, 520A JUCARA IMPERATRIZ MA                  65919170                                                            000041
100000 000000000000 00090345100325490REGTIT29233042403898     0002020000005958801200000000002N           2  01000595880130041900000000098000000000099N261118000000000000000070000000000000000000000000000000000000000000000100070113467249SANDRA SILVA GALVÃO                     ALAGOAS, 520A JUCARA IMPERATRIZ MA                  65919170                                                            000042
100000 000000000000 00090345100325490REGTIT29233123834501     0002020000005958973600000000002N           2  02000595897327021900000000065550000000099N271118000000000000000040000000000000000000000000000000000000000000000100010408994800MARIA DE FATIMA MIRANDA PEREIRA         RUA ARITA, 1801 CENTRO OURIZONA PR                  87170000                                                            000043
100000 000000000000 00090345100325490REGTIT29233171776611     0002020000005930791900000000002N           2  01000593079130041900000000105000000000099N040918000000000000000070000000000000000000000000000000000000000000000100003691528406SEBASTIAO BATISTA BAGAJI                RUA: 17, 160 PROJETO MARIA TEREZA PETROL            56300000                                                            000044
100000 000000000000 00090345100325490REGTIT29233181852569     0002020000005939159600000000002N           2  01000593915930041900000000093750000000099N260918000000000000000060000000000000000000000000000000000000000000000100011833252403ANA FLAVIA PEREIRA DA SILVA             LOT T01  R4, S|N  PROJETO MARIA TEREZA              00000000                                                            000045
100000 000000000000 00090345100325490REGTIT29233327314149     0002020000005790116300000000002N           2  01000579011630041900000000270000000000099N050917000000000000000180000000000000000000000000000000000000000000000100008231075402PEDRO AMARO PORTUGAL                    ANGELO MARTINS, 125 CASA 03 JARDIM SILVI            06773320                                                            000046
100000 000000000000 00090345100325490REGTIT29233426814095     0002020000005841339100000000002N           2  01000584133930041900000000116670000000099N161217000000000000000080000000000000000000000000000000000000000000000100038146498850DAYANE ALVES DA SILVA                   RUA: B, BLOCO BETA RESIDENCIAL VIVENDAS             56300000                                                            000047
100000 000000000000 00090345100325490REGTIT29233466252154     0002020000005951296200000000002N           2  01000595129630041900000000100000000000099N081118000000000000000070000000000000000000000000000000000000000000000100004009670495MARIA TEREZA PEREIRA DO NASCIMENTO      RUA M, 90 A PROJETO N 10 PETROLINA PE               56300000                                                            000048
100000 000000000000 00090345100325490REGTIT29233501199628     0002020000005958193P00000000002N           2  01000595819330041900000000192000000000099N221118000000000000000130000000000000000000000000000000000000000000000296369947000143POETA E POETA SISTEMAS ADUANEIRO LTDA   GENERAL CAMARA, 758 SALA 22 CENTRO SANTA            13450000                                                            000049
100000 000000000000 00090345100325490REGTIT29233571163568     0002020000005986377300000000002N           2  01000598637726031900000002130000000000099N280219000000000000001420000000000000000000000000000000000000000000000218267242000101GCOR TINTAS E  VERNIZES                 ANTONIO SETIM, 63 AGUAS BELAS SAO JOSE D            83040570                                                            000050
100000 000000000000 00090345100325490REGTIT29233601787404     0002020000005958103400000000002N           2  01000595810330041900000000080000000000099N221118000000000000000050000000000000000000000000000000000000000000000100007475676463JAKILINE  SOUZA RODRIGUES DA SILVA      RUA RIO UNA, 17 JOSE MARIA  PETROLINA  P            56300000                                                            000051
100000 000000000000 00090345100325490REGTIT29233688549026     0002020000005977620P00000000002N           2  02000597762015021900000000120000000000099N280119000000000000000080000000000000000000000000000000000000000000000100002208453956REINALDO VASCONCELOS                    NOSSA SENHORA APARECIDA, 4373 ST TEREZIN            81770000                                                            000052
100000 000000000000 00090345100325490REGTIT29233689879903     0002020000005911135600000000002N           2  01000591113530041900000000166670000000099N050718000000000000000110000000000000000000000000000000000000000000000100028302346420JOSE ADEMARIO FERREIRA DOS SANTOS       DOS SERGIPANOS, 274 PARQUE SUBURBANO ITA            06663680                                                            000053
100000 000000000000 00090345100325490REGTIT29233898467197     0002020000005984193100000000002N           2  01000598419330041900000000500000000000099N110219000000000000000330000000000000000000000000000000000000000000000100045558522810LUCAS DA SILVA NASCIMENTO               JULIEN BENDA, 89 JARDIM KIOTO SAO PAULO             04832035                                                            000054
100000 000000000000 00090345100325490REGTIT29234094831111     0002020000005967950600000000002N           2  01000596795030041900000000435000000000099N191218000000000000000290000000000000000000000000000000000000000000000100039782441520LINDIMAR MARIA DOS SANTOS               GUNTUR, 18 JARDIM VALE DAS VIRTUDES SAO             05796060                                                            000055
100000 000000000000 00090345100325490REGTIT29234131266251     0002020000005938377100000000002N           2  01000593837730041900000000194000000000099N200918000000000000000130000000000000000000000000000000000000000000000100026964549811IVONE MORAES COSTA                      AGOSTINHO DE PAIVA, 621 JARDIM MACEDONIA            05894230                                                            000056
100000 000000000000 00090345100325490REGTIT29234171444483     0002020000005978885200000000002N           2  01000597888530041900000000150000000000099N070219000000000000000100000000000000000000000000000000000000000000000100001193592275IARA DE SOUSA LIMA                      ALAGOAS, 520A JUCARA IMPERATRIZ MA                  65919170                                                            000057
100000 000000000000 00090345100325490REGTIT29234224304229     0002020000005986376500000000002N           2  01000598637606031900000000450000000000099N280219000000000000000300000000000000000000000000000000000000000000000278365566000104ZINCOPAR                                AUGUSTO DIAS PAREDES, 744 BOQUEIRAO CURI            81730100                                                            000058
100000 000000000000 00090345100325490REGTIT29234265308483     0002020000005975956900000000002N           2  01000597595630041900000000290000000000099N160119000000000000000190000000000000000000000000000000000000000000000100022631731883SHIRLEY SILVA MEDEIROS                  SERRA DO MAR, 184 VISTA ALEGRE  EMBU DAS            06807800                                                            000059
100000 000000000000 00090345100325490REGTIT29234277010415     0002020000005949146900000000002N           2  01000594914630041900000000320000000000099N251018000000000000000210000000000000000000000000000000000000000000000100037031508827ANGELA BARRETO DE MOURA                 ALVORADA, 98 JARDIM SANTO EDUARDO EMBU S            06823010                                                            000060
100000 000000000000 00090345100325490REGTIT29234307893179     0002020000005959871900000000002N           2  01000595987130041900000000300000000000099N011218000000000000000200000000000000000000000000000000000000000000000100018275589894WANDERLUCIO OLIVEIRA BRAGA              LUIS DE OLIVEIRA, 160 BL C AP 33 JARDIM             05886120                                                            000061
100000 000000000000 00090345100325490REGTIT29234356567495     0002020000005977255700000000002N           2  01000597725530041900000000496900000000099N240119000000000000000330000000000000000000000000000000000000000000000212538182000138BANCA FRED                              ATILIO PEDRO PAGANI, 170 LOJA PAGANI PAL            88130000                                                            000062
100000 000000000000 00090345100325490REGTIT29234418905758     0002020000005985659900000000002N           2  01000598565930041900000000127850000000099N210219000000000000000090000000000000000000000000000000000000000000000100027290644867MAILDE SANTOS SILVA CARDOSO             RUA JOAO XXIII, 22 VILA SAO PEDRO SAO BE            09784410                                                            000063
100000 000000000000 00090345100325490REGTIT29234480560541     0002020000005930115500000000002N           2  01000593011530041900000000070000000000099N010918000000000000000050000000000000000000000000000000000000000000000100028689291415JUVENAL ALVES FILHO                     SITIO BAIXA DA BOA VISTA, S|N  PROXIMO A            56300000                                                            000064
100000 000000000000 00090345100325490REGTIT29234521766685     0002020000005949568500000000002N           2  01000594956830041900000000085000000000099N291018000000000000000060000000000000000000000000000000000000000000000100047114142404RAIMUNDO NONATO DA CONCEIÇÃO            RUA 22, 81 SAO GONÇALO  PETROLINA  PE               56300000                                                            000065
100000 000000000000 00090345100325490REGTIT29234529121294     0002020000005975925900000000002N           2  02000597592514021900000000425000000000099N160119000000000000000710000000000000000000000000000000000000000000000218267242000101GCOR TINTAS E  VERNIZES                 ANTONIO SETIM, 63 AGUAS BELAS SAO JOSE D            83040570                                                            000066
100000 000000000000 00090345100325490REGTIT29234549332488     0002020000005950046800000000002N           2  01000595004630041900000000660220000000099N311018000000000000000440000000000000000000000000000000000000000000000100022634337833JANAINA ARAUJO LUIS                     ALVORADA, 121 JARDIM RECORD TABOAO DA SE            06784080                                                            000067
100000 000000000000 00090345100325490REGTIT29234684360552     0002020000005975991700000000002N           2  01000597599130041900000000080000000000099N160119000000000000000130000000000000000000000000000000000000000000000100003083843933DIOGO DE SOUZA FERREIRA PINTO           CASCAVEL, 100 CASA 3 SAO JOSE DOS PINHAI            81670180                                                            000068
100000 000000000000 00090345100325490REGTIT29234737783231     0002020000005976414700000000002N           2  01000597641430041900000000060000000000099N200119000000000000000100000000000000000000000000000000000000000000000100022287772855SANDRA PRISCILLA FERREIRA               BR 376 KM 13, 4160 SAO PEDRO SAO JOSE DO            83015000                                                            000069
100000 000000000000 00090345100325490REGTIT29234811956985     0002020000005949386000000000002N           2  01000594938630041900000000058350000000099N261018000000000000000040000000000000000000000000000000000000000000000100010678374422RAFAELA   SILVA   OLIVEIRA              AVENIDA  02, N 151 RIO  CORRENTE PETROLI            56300000                                                            000070
100000 000000000000 00090345100325490REGTIT29234859865316     0002020000005959189700000000002N           2  01000595918930041900000000122500000000099N281118000000000000000080000000000000000000000000000000000000000000000100005973028470CLEZILDA LAYS RODRIGUES DA COSTA        RUA FURNA, S|N PONTA DA SERRA PETROLINA             56300000                                                            000071
100000 000000000000 00090345100325490REGTIT29234911202084     0002020000005927987700000000002N           2  01000592798730041900000000150000000000099N210818000000000000000100000000000000000000000000000000000000000000000100007234665480LUANA CAMILE BEZERRA DA SILVA           AV BAIRRO NOVO, 66 SAO FRANCISCO ESCADA             55500000                                                            000072
100000 000000000000 00090345100325490REGTIT29234940462828     0002020000005949870600000000002N           2  01000594987030041900000000070000000000099N311018000000000000000050000000000000000000000000000000000000000000000100007958154410WILDELSON   NEVES   DA  SILVA           AVENIDA  ANTONIO  ESTEVAO  DOS  SANTOS,             56300000                                                            000073
100000 000000000000 00090345100325490REGTIT29234949242927     0002020000005956577200000000002N           2  01000595657730041900000000073340000000099N101118000000000000000050000000000000000000000000000000000000000000000100062833871449MARGARIDA PEREIRA DA SILVA CRUZ         RUA CASA FORTE, 45 JOSE MARIA  PETROLINA            56300000                                                            000074
100000 000000000000 00090345100325490REGTIT29234962473975     0002020000005957102000000000002N           2  01000595710230041900000000106250000000099N141118000000000000000070000000000000000000000000000000000000000000000100006615592460LARISSA SAMIRAMES RODRIGUES DE LIMA     RUA RIO PORÇAO, 44 JOSE MARIA  PETROLINA            56300000                                                            000075
100000 000000000000 00090345100325490REGTIT29234969885800     0002020000005957432100000000002N           2  01000595743230041900000000540000000000099N161118000000000000000360000000000000000000000000000000000000000000000100025575190811RORISIA BESERRA VIEIRA LOPES            PROFESSORA NINA STOCCO, 1018 JARDIM CATA            05767001                                                            000076
100000 000000000000 00090345100325490REGTIT29235128362373     0002020000005977510600000000002N           2  02000597751026031900000000042500000000099N260119000000000000000030000000000000000000000000000000000000000000000100062153706904NATALICE SALES DE OLIVEIRA              EUCLIDES DA CUNHA, 560 CENTRO OURIZONA P            87170000                                                            000077
100000 000000000000 00090345100325490REGTIT29235188663804     0002020000005969784900000000002N           2  02000596978408021900000000093750000000099N080119000000000000000060000000000000000000000000000000000000000000000100014451555833JESUINA FRANCISCA GOMES                 23, 15 CAFE 1 MONTE MOR SP                          13190000                                                            000078
100000 000000000000 00090345100325490REGTIT29235304678554     0002020000005969377000000000002N           2  01000596937730041900000000240390000000099N040119000000000000000160000000000000000000000000000000000000000000000100094456739991BARBARA GOMES DE CAMPOS                 ADOLPHO BERTOLDI, 836 CAMPO DE SANTANA C            81490470                                                            000079
100000 000000000000 00090345100325490REGTIT29235343888505     0002020000005975768P00000000002N           2  01000597576830041900000000290000000000099N150119000000000000000190000000000000000000000000000000000000000000000100041062438817WELLINGTON VIEIRA DE MOURA JÚNIOR       FRANCISCO DE LACERDA E ALMEIDA, 351 JARD            05797300                                                            000080
100000 000000000000 00090345100325490REGTIT29235423131055     0002020000005978911500000000002N           2  01000597891130041900000000120000000000099N070219000000000000000080000000000000000000000000000000000000000000000100000934846235REJANE ROSENO DA SILVA                  ALAGOAS, 520A JUCARA IMPERATRIZ MA                  65919170                                                            000081
100000 000000000000 00090345100325490REGTIT29235504335326     0002020000005959093900000000002N           2  01000595909330041900000000100000000000099N271118000000000000000070000000000000000000000000000000000000000000000100000857826450MARIZA NOGUEIRA DE OLIVEIRA             AVENIDA 3, 426 VILA VITORIA  PETROLINA              56300000                                                            000082
100000 000000000000 00090345100325490REGTIT29235642845440     0002020000005967244700000000002N           2  02000596724419021900000000166670000000099N151218000000000000000110000000000000000000000000000000000000000000000100054686610206WILIANY DIAS MARQUES OLIVEIRA           TRAVESSAO DO SURUBIM, SN RAMAL JULIAO AN            68365000                                                            000083
100000 000000000000 00090345100325490REGTIT29235647784281     0002020000005929786700000000002N           2  01000592978630041900000000085000000000099N300818000000000000000060000000000000000000000000000000000000000000000100000035209437JOSEFA PEREIRA DE SOUZA                 RUA 16, 120 FERNANDO IDALINO PETROLINA P            56300000                                                            000084
100000 000000000000 00090345100325490REGTIT29235659773527     0002020000005967976P00000000002N           2  02000596797605021900000000280000000000099N191218000000000000000190000000000000000000000000000000000000000000000100022508190845CARLOS HENRIQUE OLIVEIRA                LAZARO GONCALVES DE OLIVEIRA BL I AP 404            13458626                                                            000085
100000 000000000000 00090345100325490REGTIT29235671950975     0002020000005969139500000000002N           2  02000596913915021900000000079230000000099N291218000000000000000050000000000000000000000000000000000000000000000100005103453959APARECIDA DE FATIMA GASPAR DUMONT       CAMPO GRANDE, 1344 CENTRO OURIZONA PR               87170000                                                            000086
100000 000000000000 00090345100325490REGTIT29235671950975     0002020000005969140900000000002N           2  02000596914015031900000000079230000000099N291218000000000000000050000000000000000000000000000000000000000000000100005103453959APARECIDA DE FATIMA GASPAR DUMONT       CAMPO GRANDE, 1344 CENTRO OURIZONA PR               87170000                                                            000087
100000 000000000000 00090345100325490REGTIT29235671950975     0002020000005969141700000000002N           2  02000596914115041900000000079230000000099N291218000000000000000050000000000000000000000000000000000000000000000100005103453959APARECIDA DE FATIMA GASPAR DUMONT       CAMPO GRANDE, 1344 CENTRO OURIZONA PR               87170000                                                            000088
100000 000000000000 00090345100325490REGTIT29235683803140     0002020000005960709200000000002N           2  01000596070930041900000000100000000000099N061218000000000000000070000000000000000000000000000000000000000000000100094358222234NELMA REGINA RAMOS DOS SANTOS           RIO CARACARA (CACHOEIRA DO ARARI), 00 MA            68840000                                                            000089
100000 000000000000 00090345100325490REGTIT29235687750006     0002020000005985412P00000000002N           2  01000598541230041900000000110000000000099N190219000000000000000070000000000000000000000000000000000000000000000100000509627951EDINEIA AP. DA SILVA DIAS               LIBIA, 239 NACOES FAZENDA RIO GRANDE PR             83823265                                                            000090
100000 000000000000 00090345100325490REGTIT29235804918536     0002020000005918349700000000002N           2  01000591834930041900000000350000000000099N200718000000000000000230000000000000000000000000000000000000000000000100001926869508CLAUDY DOS SANTOS CASTRO                MARTINHO VAZ DE BARROS, 436 VILA PIRAJUS            05786150                                                            000091
100000 000000000000 00090345100325490REGTIT29235916797742     0002020000005927215500000000002N           2  01000592721530041900000000055000000000099N160818000000000000000040000000000000000000000000000000000000000000000100041818261472MARIA DAS GRAÇAS DE SOUZA               RESIDENCIAL BRASIL, 00030 APT 001 B JARD            56300000                                                            000092
100000 000000000000 00090345100325490REGTIT29235954865788     0002020000005968867P00000000002N           2  01000596886730041900000000075000000000099N261218000000000000000050000000000000000000000000000000000000000000000100079277179520EDILENE CERQUEIRA COSTA DO ESPIRITO SANTDOUTOR MEIRELLES, 11 QUADRA 12 TIJUCAL C            78088010                                                            000093
100000 000000000000 00090345100325490REGTIT29236026391734     0002020000005978753800000000002N           2  01000597875330041900000000125000000000099N060219000000000000000080000000000000000000000000000000000000000000000100004625164230VALMIRA FERREIRA DE LIMA                ALAGOAS, 520A JUCARA IMPERATRIZ MA                  65919170                                                            000094
100000 000000000000 00090345100325490REGTIT29236041984309     0002020000005986239400000000002N           2  01000598623930041900000000392750000000099N270219000000000000000260000000000000000000000000000000000000000000000207308155000139LIMA VARIEDADES E PRESENTES             ANICETO ZACCHI, 705 SL03 PONTE DO IMARUI            88130301                                                            000095
100000 000000000000 00090345100325490REGTIT29236089188886     0002020000005966419300000000002N           2  01000596641930041900000000145000000000099N101218000000000000000100000000000000000000000000000000000000000000000100003514913250THAIS PATRICIA BARROSO CUNHA            AMAZONIA Q: F, 15 B TAPANA BELEM PA                 06685825                                                            000096
100000 000000000000 00090345100325490REGTIT29236180200382     0002020000005920982800000000002N           2  01000592098230041900000000340000000000099N080818000000000000000230000000000000000000000000000000000000000000000100038169467802MARINA GRANELLI DA SILVA                DAS GALAXIAS, 279 JARDIM THELJA AMERICAN            13479080                                                            000097
100000 000000000000 00090345100325490REGTIT29236192743596     0002020000005959846800000000002N           2  02000595984630041900000000187450000000099N301118000000000000000120000000000000000000000000000000000000000000000100007927618806LUZIA APARECIDA DE OLIVEIRA ARAUJO      CONCEICAO LOPES CALVACANTE, 71 CASA 02 J            06725045                                                            000098
100000 000000000000 00090345100325490REGTIT29236193105710     0002020000005969627300000000002N           2  01000596962730041900000000135000000000099N070119000000000000000090000000000000000000000000000000000000000000000100003047856281SUZIANE RAFAELA DA SILVA DO ROSARIO     FREDERICO HOSANA, 1293 D AGULHA (ICOARAC            66811210                                                            000099
100000 000000000000 00090345100325490REGTIT29236391371749     0002020000005920022700000000002N           2  01000592002230041900000000130000000000099N020818000000000000000090000000000000000000000000000000000000000000000100007927186400FRANCISCA ARTUR DE MELO                 RUA: A, 94 PROJETO N 3 PETROLINA  PE                56300000                                                            000100
100000 000000000000 00090345100325490REGTIT29236394324290     0002020000005986378100000000002N           2  01000598637813031900000000300000000000099N280219000000000000000200000000000000000000000000000000000000000000000208915481000177ASTEMETAL                               ,  CAJURU CURITIBA PR                               82930240                                                            000101
100000 000000000000 00090345100325490REGTIT29236460598164     0002020000005957737100000000002N           2  01000595773730041900000000125000000000099N191118000000000000000080000000000000000000000000000000000000000000000100032775002846DOUGLAS DE OLIVEIRA SILVA               JOSE CELESTINO SAAD, 245 RUA 17 TORRE 25            06719429                                                            000102
100000 000000000000 00090345100325490REGTIT29236463674613     0002020000005968814900000000002N           2  02000596881410031900000000113340000000099N261218000000000000000080000000000000000000000000000000000000000000000100007546382947EVELYN CAROLINE PACHECO                 VISCONDE DE PORTO ALEGRE, 673 NOVA RUSSI            84070120                                                            000103
100000 000000000000 00090345100325490REGTIT29236504004506     0002020000005960310000000000002N           2  01000596031030041900000000464970000000099N041218000000000000000310000000000000000000000000000000000000000000000100038127026816LEDA MARIA DA OLIVEIRA SILVA            ANTONIO NUNES DE AZEVEDO, 465 JARDIM IRA            05891170                                                            000104
100000 000000000000 00090345100325490REGTIT29236504578553     0002020000005911063500000000002N           2  01000591106330041900000000120000000000099N040718000000000000000080000000000000000000000000000000000000000000000100075016125449CLEA  OLIVEIRA   DA  SILVA              RUA  01, N 05 SAO  JORGE PETROLINA PE               56300000                                                            000105
100000 000000000000 00090345100325490REGTIT29236597616312     0002020000005978856900000000002N           2  01000597885630041900000000120000000000099N070219000000000000000080000000000000000000000000000000000000000000000100092008194272GENIVAN FERREIRA DO NASCIMENTO          ALAGOAS, 520A JUCARA IMPERATRIZ MA                  65919170                                                            000106
100000 000000000000 00090345100325490REGTIT29236604474973     0002020000005937584100000000002N           2  02000593758415021900000000058330000000099N150918000000000000000040000000000000000000000000000000000000000000000100014853442472GENIVALDO  CORDEIRO  DOS  SANTOS        AVENIDA  MARECHAL HERMEM DA  FONSECA, N             56300000                                                            000107
100000 000000000000 00090345100325490REGTIT29236621207797     0002020000005919257700000000002N           2  01000591925730041900000000300000000000099N270718000000000000000200000000000000000000000000000000000000000000000100088316718553JOSE NILDO COSTA DE AMORIM              ADÃO VIEIRA BRANCO, 304 JARDIM PARIS SÃO            05794210                                                            000108
100000 000000000000 00090345100325490REGTIT29236788748792     0002020000005950685700000000002N           2  01000595068530041900000000100000000000099N061118000000000000000070000000000000000000000000000000000000000000000100047084529420GENILDA DA CONCEIÇÃO FERREIRA           ILHA DO MASSANGANO, S|N  S|B PETROLINA              00000000                                                            000109
100000 000000000000 00090345100325490REGTIT29236798779798     0002020000005939306800000000002N           2  01000593930630041900000000095000000000099N260918000000000000000060000000000000000000000000000000000000000000000100006871681477JOSE HILTON DE SOUZA LIMA               RUA 17, 300 SAO JOAQUIM PETROLINA PE                56300000                                                            000110
100000 000000000000 00090345100325490REGTIT29236824625726     0002020000005928105700000000002N           2  01000592810530041900000000083750000000099N220818000000000000000060000000000000000000000000000000000000000000000100007498341450GEISA  DANIELA  LIMA  DOS  SANTOS       RUA   DO  SITIO, N 250 PORTO  DE  PALHA             56300000                                                            000111
100000 000000000000 00090345100325490REGTIT29236967431166     0002020000005927759900000000002N           2  01000592775930041900000000115000000000099N200818000000000000000080000000000000000000000000000000000000000000000100078656613553INEUDA DO NASCIMENTO DINIZ              ILHA DO MASSAGANO, 000 CASA ILHA DO MASS            56300000                                                            000112
100000 000000000000 00090345100325490REGTIT29237012666269     0002020000005986213000000000002N           2  01000598621330041900000000083170000000099N270219000000000000000060000000000000000000000000000000000000000000000100008755408990RAHIFA LAURA AMATTI RODRIGUES           HARRY FEEKEN, 2037 BONECA DO IGUACU SAO             83040000                                                            000113
100000 000000000000 00090345100325490REGTIT29237089014661     0002020000005968485200000000002N           2  01000596848530041900000000320000000000099N221218000000000000000210000000000000000000000000000000000000000000000100000513643362GOMES DA SILVA SOBRINHA                 QR 13 CONJ 08 CASA 22, 22 SAMAMBAIA NORT            72000000                                                            000114
100000 000000000000 00090345100325490REGTIT29237213991702     0002020000005978980800000000002N           2  01000597898030041900000000210000000000099N070219000000000000000140000000000000000000000000000000000000000000000100005752450268JUCIREMA CONCEIÇÃO DOS SANTOS           TRAVESSA DO CRUZEIRO, 1296 CRUZEIRO BELE            66810000                                                            000115
100000 000000000000 00090345100325490REGTIT29237220362515     0002020000005968283300000000002N           2  01000596828330041900000000300000000000099N211218000000000000000200000000000000000000000000000000000000000000000100035624051204MARIA JANETE ALVES COSTA                CUMBICA (TRAVESSA PARDAL Q24), 49 VAL-DE            66110010                                                            000116
100000 000000000000 00090345100325490REGTIT29237507982332     0002020000005959997900000000002N           2  01000595999730041900000000112000000000099N031218000000000000000070000000000000000000000000000000000000000000000100025799851234JOSE ALBINO DE MELO                     20, 08 QUARA 01 JD UMUARAMA CUIABA MT               78000000                                                            000117
100000 000000000000 00090345100325490REGTIT29237517110370     0002020000005929530900000000002N           2  01000592953030041900000000100000000000099N280818000000000000000070000000000000000000000000000000000000000000000100003804744419CICERA  JEANE  DA  SILVA                RUA  HOLANDO  SILVA, N 180 OURO  PRETO P            56300000                                                            000118
100000 000000000000 00090345100325490REGTIT29237535341468     0002020000005950052200000000002N           2  01000595005230041900000000075000000000099N311018000000000000000050000000000000000000000000000000000000000000000100011440154481JOSE  WELINGTON   BEZERRA   DA  SILVA   RUA  71, N 150 JOAO DE DEUS PETROLINA PE            56300000                                                            000119
100000 000000000000 00090345100325490REGTIT29237550463357     0002020000005978101700000000002N           2  01000597810130041900000000600000000000099N310119000000000000002000000000000000000000000000000000000000000000000100030241576890LUIZ CARLOS CARVALHO                    SILVINO ALVES COSTA, 254 JARDIM TRIANON             06783300                                                            000120
100000 000000000000 00090345100325490REGTIT29237593345174     0002020000005918264400000000002N           2  01000591826430041900000000280000000000099N200718000000000000000190000000000000000000000000000000000000000000000100011645758800CLAUDIO NICECIO DA SILVA                APARECIDA GUERINI CRUZ, 239 JARDIM CLEME            06770260                                                            000121
100000 000000000000 00090345100325490REGTIT29237640964662     0002020000005986303P00000000002N           2  01000598630330041900000000150000000000099N280219000000000000000100000000000000000000000000000000000000000000000100029779618287DAMIANA LOBATO DE SOUZA                 PASSAGEM SOL NASCENTE, 55 AGULHA (ICOARA            66811060                                                            000122
100000 000000000000 00090345100325490REGTIT29237659542001     0002020000005919428600000000002N           2  01000591942830041900000000054000000000099N300718000000000000000040000000000000000000000000000000000000000000000100000710844956JOSE CARLOS ESPAIRANE                   OSIAS RABELO, 101 JARDIM SUICA SAO JOSE             83085322                                                            000123
100000 000000000000 00090345100325490REGTIT29237706828713     0002020000005948249400000000002N           2  01000594824930041900000000150000000000099N201018000000000000000100000000000000000000000000000000000000000000000100033292840805MONICA CRISTINA GONÇALVES DE MOURA      UNIAO DOS MOVIMENTOS, 86 CONJUNTO HABITA            05885520                                                            000124
100000 000000000000 00090345100325490REGTIT29237779890994     0002020000005929862600000000002N           2  01000592986230041900000000127000000000099N300818000000000000000080000000000000000000000000000000000000000000000100010594404401RAMIRO  ERICLES SILVA  OLIVEIRA         AVENIDA  GILBERTO FREIRE, N 208 VILA  MO            56300000                                                            000125
100000 000000000000 00090345100325490REGTIT29237835775845     0002020000005984693300000000002N           2  01000598469330041900000000260000000000099N130219000000000000000170000000000000000000000000000000000000000000000100018732746881MARIA SOCORRO SANTOS BELARMINO          VISCONDE DE CAIRU, 298 LOJA JANDIRA JARD            06622040                                                            000126
100000 000000000000 00090345100325490REGTIT29237925986482     0002020000005958806300000000002N           2  01000595880630041900000000100000000000099N261118000000000000000070000000000000000000000000000000000000000000000100094960070820JOÃO FIDELES DE LIMA                    RUA RIO DOCE, 39 JOSE MARIA  PETROLINA              56300000                                                            000127
100000 000000000000 00090345100325490REGTIT29237931867436     0002020000005969223500000000002N           2  01000596922330041900000000400000000000099N020119000000000000000270000000000000000000000000000000000000000000000100090317890972LUCIANA DE ARAUJO BERTOTI               ANGELO SGARBE, 752 SAO SEBASTIAO SAO JOS            83075280                                                            000128
100000 000000000000 00090345100325490REGTIT29237942740383     0002020000005930302600000000002N           2  01000593030230041900000000060000000000099N030918000000000000000040000000000000000000000000000000000000000000000100009862132418KARLA PATRICIA CUSTODIA MARTINS         32, 102 ALTO DA BOA VISTA  PETROLINA  PE            56300000                                                            000129
100000 000000000000 00090345100325490REGTIT29237960339412     0002020000005985894P00000000002N           2  01000598589430041900000000300000000000099N250219000000000000000200000000000000000000000000000000000000000000000100045050892821AMANDA C BUIN                           MARECHAL ODELIO DENYS, 29 31 DE MARÇO SA            13453213                                                            000130
100000 000000000000 00090345100325490REGTIT29237987976032     0002020000005949880300000000002N           2  01000594988030041900000000186670000000099N311018000000000000000120000000000000000000000000000000000000000000000100079062296300MARINEIDE  MARIA  LOPES  VASQUES        RUA 51, N 37 JOAO DE DEUS PETROLINA  PE             56300000                                                            000131
100000 000000000000 00090345100325490REGTIT29238225249457     0002020000005984999100000000002N           2  02000598499905031900000000160000000000099N150219000000000000000110000000000000000000000000000000000000000000000100065017323287LUCIRENE DOS SANTOS ROSÁRIO             RUA CHICO MENDES, 1789 BRASILIA - OUTEIR            66840085                                                            000132
100000 000000000000 00090345100325490REGTIT29238255451888     0002020000005909952600000000002N           2  01000590995230041900000000300000000000099N260618000000000000000200000000000000000000000000000000000000000000000100002843289440RITA MARIA PESSOA                       AGUA BRANCA, 36 JARDIM SANTA TEREZA NOVO            06813230                                                            000133
100000 000000000000 00090345100325490REGTIT29238283395688     0002020000005968884P00000000002N           2  01000596888430041900000000350000000000099N271218000000000000000230000000000000000000000000000000000000000000000100005752450268JUCIREMA CONCEIÇÃO DOS SANTOS           TRAVESSA DO CRUZEIRO, 1296 CRUZEIRO BELE            66810000                                                            000134
100000 000000000000 00090345100325490REGTIT29238289845196     0002020000005940671200000000002N           2  01000594067130041900000000100000000000099N031018000000000000000070000000000000000000000000000000000000000000000100006227404403ERONEIDE BARBOSA DA COSTA               RUA RIO JARDIM, S|N PROX AO COLEGIO DR J            56300000                                                            000135
100000 000000000000 00090345100325490REGTIT29238308864687     0002020000005984307100000000002N           2  01000598430730041900000000133330000000099N120219000000000000000090000000000000000000000000000000000000000000000100001203474237MARIA ADELAIDE VIANA DE SOUSA           AGROVILA NOVA FRONTEIRA, S|N KM 80 MEDIC            68145000                                                            000136
100000 000000000000 00090345100325490REGTIT29238529860439     0002020000005984351900000000002N           2  01000598435130041900000000160000000000099N120219000000000000000110000000000000000000000000000000000000000000000100066482984215OZIEL DA COSTA LIMA                     VICINAL 115 SUL, S|N ZONA RURAL MEDICILA            68145000                                                            000137
100000 000000000000 00090345100325490REGTIT29238542227082     0002020000005986122300000000002N           2  01000598612230041900000000116670000000099N260219000000000000000080000000000000000000000000000000000000000000000100000000704911GISLEY DO CARMO CARVALHO                RUA PARANA, 764 CASA JARDIM IGUAÇU ARAUC            83701140                                                            000138
100000 000000000000 00090345100325490REGTIT29238693901441     0002020000005959506P00000000002N           2  01000595950630041900000000300000000000099N291118000000000000000200000000000000000000000000000000000000000000000100039305066968JOAO MORAES DA SILVA                    ESPIRITO SANTO, 352 JARDIM DOS ESTADOS 2            83308100                                                            000139
100000 000000000000 00090345100325490REGTIT29238767250838     0002020000005957848300000000002N           2  01000595784830041900000000200000000000099N201118000000000000000130000000000000000000000000000000000000000000000100059994576453FRANCISCO DEMONTIER CORREIA             RUA RIACHO DO MEL, 36 JOSE MARIA  PETROL            56300000                                                            000140
100000 000000000000 00090345100325490REGTIT29238850102196     0002020000005957490900000000002N           2  01000595749030041900000000258000000000099N161118000000000000000170000000000000000000000000000000000000000000000100043108004832RODRIGO DOS SANTOS BERNARDO             HENRIQUE DE MORAES CAMARGO, 144 JARDIM S            06767320                                                            000141
100000 000000000000 00090345100325490REGTIT29238971854659     0002020000005977351000000000002N           2  01000597735130041900000000220000000000099N240119000000000000000150000000000000000000000000000000000000000000000100045824517215NIVEA REGINA FERREIRA DE CASTRO         QUATRO (CJ CORDEIRO DE FARIAS), 130 TAPA            66833040                                                            000142
100000 000000000000 00090345100325490REGTIT29238992086773     0002020000005978873900000000002N           2  01000597887330041900000000110000000000099N070219000000000000000070000000000000000000000000000000000000000000000100095817190249JOSE RIBAMAR DOS SANTOS                 ALAGOAS, 520A JUCARA IMPERATRIZ MA                  65919170                                                            000143
100000 000000000000 00090345100325490REGTIT29239548962927     0002020000005959207900000000002N           2  01000595920730041900000000112500000000099N281118000000000000000080000000000000000000000000000000000000000000000100008337713534MARLENE IZABEL DOS SANTOS               RUA RIO SAO FRANCISCO, 88 JOSE MARIA  PE            56300000                                                            000144
100000 000000000000 00090345100325490REGTIT29239602985924     0002020000005928118900000000002N           2  01000592811830041900000000450000000000099N220818000000000000000300000000000000000000000000000000000000000000000100006144726527LUIZ PAULO EMANUEL XAVIER SIMOES        DEZ, 970 JARDIM NOVO RECORD TABOAO DA SE            06784530                                                            000145
100000 000000000000 00090345100325490REGTIT29239643628170     0002020000005939005000000000002N           2  01000593900530041900000000066250000000099N250918000000000000000040000000000000000000000000000000000000000000000100005319620403MARLENE BARRETO DE LIMA                 RUA 05, 616 ANTONIO CASSIMIRO  PETROLINA            56300000                                                            000146
100000 000000000000 00090345100325490REGTIT29239662440969     0002020000005940371300000000002N           2  01000594037130041900000000600000000000099N021018000000000000000400000000000000000000000000000000000000000000000100004399167122JOSÉ CARLOS DA PAZ ABREU                SÃO PEDRO, s/n RURAL NOVA ANDRADINA MS              79750000                                                            000147
100000 000000000000 00090345100325490REGTIT29239676242094     0002020000005977362600000000002N           2  01000597736230041900000000055000000000099N240119000000000000000090000000000000000000000000000000000000000000000100004975122979R BARBOSA                               JULIETA SCARAMUSSA MARQUES, 1886 ALTO BO            81770235                                                            000148
100000 000000000000 00090345100325490REGTIT29239676475057     0002020000005897827500000000002N           2  01000589782730041900000000250000000000099N170518000000000000000170000000000000000000000000000000000000000000000229070546000109GARDENI MOVEIS                          BRAS DE AGUIAR, 161 CENTRO DOM ELISEU PA            68633000                                                            000149
100000 000000000000 00090345100325490REGTIT29239737332401     0002020000005957863700000000002N           2  01000595786330041900000000080000000000099N201118000000000000000050000000000000000000000000000000000000000000000100007744677463ISLANDIA CAVALCANTE NOBRE               RUA SAO GABRIEL, 151 ANTIGA RUA 42 VILA             56300000                                                            000150
100000 000000000000 00090345100325490REGTIT29239776174128     0002020000005958442400000000002N           2  01000595844230041900000000125000000000099N231118000000000000000080000000000000000000000000000000000000000000000100074796070400MARIA ESTELITA DE OLIVEIRA DOS SANTOS   RUA RIO CABOCLO, 15 JOSE MARIA  PETROLIN            56300000                                                            000151
100000 000000000000 00090345100325490REGTIT29239816744931     0002020000005948535300000000002N           2  02000594853520021900000000081250000000099N221018000000000000000050000000000000000000000000000000000000000000000100002994898411ZENAIDE PEREIRA DE SOUZA                LINS REGO, AP 01 VILA EDUARDO PETROLINA             56300000                                                            000152
100000 000000000000 00090345100325490REGTIT29239988945639     0002020000005967366400000000002N           2  01000596736630041900000000130000000000099N171218000000000000000090000000000000000000000000000000000000000000000100090694570249MARIA MADALENA OLIVEIRA DOS SANTOS      RIO GURUPA, 000 CACHOEIRA DO ARARI MARAJ            68840000                                                            000153
9                                                                                                                                                                                                                                                                                                                                                                                                         000154