01REMESSA01COBRANCA       00000000000004852239ISPCN                         237BRADESCO       260319        MX0003126                                                                                                                                                                                                                                                                                     000001
100000 000000000000 00090345100325490REGTIT31261209408976     0002020000005947942600000000002N           2  02000594794210031900000000083340000000099N181018000000000000000060000000000000000000000000000000000000000000000100007796230451AUCILENE DE PAIVA LIMA SILVA            RUA 17, 36 RIO CORRENTE  PETROLINA  PE              56300000                                                            000002
100000 000000000000 00090345100325490REGTIT31262006849451     0002020000005976812600000000002N           2  02000597681210041900000000220000000000099N220119000000000000000370000000000000000000000000000000000000000000000100071196625387JOÃO MENDES PAURÁ                       CONJUNTO BEIJA FLOR, 33 QUADRA 19 BEIJA             67200000                                                            000003
100000 000000000000 00090345100325490REGTIT31263165171307     0002020000005949488300000000002N           2  02000594948826031900000000033340000000099N271018000000000000000020000000000000000000000000000000000000000000000100003051691496KEYLA CLECIA TEIXEIRA SALES             RUA PIO XII, 304 CENTRO  PETROLINA  PE              56300000                                                            000004
100000 000000000000 00090345100325490REGTIT31263785486688     0002020000005938017900000000002N           2  02000593801718031900000000058340000000099N190918000000000000000040000000000000000000000000000000000000000000000100002311440403IOLANDA LACERDA                         RUA ANA NERY, 190 CENTRO  PETROLINA  PE             56300000                                                            000005
100000 000000000000 00090345100325490REGTIT31263912186047     0002020000005976206300000000002N           2  02000597620625021900000000255550000000099N180119000000000000000170000000000000000000000000000000000000000000000100013319214810ELAINE CRISTINA CABRAL                  HERMES RIBEIRO DE FREITAS, 510 JARDIM EL            05793260                                                            000006
100000 000000000000 00090345100325490REGTIT31264928989108     0002020000005918477900000000002N           2  02000591847720031900000000220000000000099N230718000000000000000150000000000000000000000000000000000000000000000100039754382824RENAN DA SILVA FERREIRA                 CLAUDIO MANOEL DA COSTA, 867 PARQUE OLAR            13458027                                                            000007
100000 000000000000 00090345100325490REGTIT31265312867015     0002020000005995636400000000002N           2  01000599563626041900000001500000000000099N260319000000000000001000000000000000000000000000000000000000000000000100014727906856LEANDRO JOSE DA CONCEICAO               HENRIQUE MOREIRA,, 121 JARDIM IRACEMA SA            05790300                                                            000008
100000 000000000000 00090345100325490REGTIT31265635010744     0002020000005968963300000000002N           2  02000596896327031900000000028050000000099N271218000000000000000020000000000000000000000000000000000000000000000100004799468928EDINEIA DA SILVA                        VILA RURAL, 0 CENTRO OURIZONA PR                    87170000                                                            000009
100000 000000000000 00090345100325490REGTIT31265849431691     0002020000005947948500000000002N           2  02000594794817031900000000100000000000099N181018000000000000000070000000000000000000000000000000000000000000000100090247205400EVANITO JOAQUIM DA SILVA                AREA 21, S/N  PROJETO MARIA TEREZA  PETR            00000000                                                            000010
100000 000000000000 00090345100325490REGTIT31267060896476     0002020000005918766200000000002N           2  02000591876624031900000000500000000000099N240718000000000000000330000000000000000000000000000000000000000000000100030921274807RAFAEL LOPES DE OLIVEIRA                JUSTINIANO CARRANZA, 24 JARDIM MITSUTANI            05791170                                                            000011
100000 000000000000 00090345100325490REGTIT31267501699394     0002020000005957494100000000002N           2  02000595749420031900000000439830000000099N161118000000000000000290000000000000000000000000000000000000000000000100004916250818BRAZ CHAGAS                             FOZ DO IGUACU, 67 JARDIM VALO VELHO ITAP            06856800                                                            000012
100000 000000000000 00090345100325490REGTIT31267600254126     0002020000005995643700000000002N           2  01000599564326041900000001850000000000099N260319000000000000001230000000000000000000000000000000000000000000000100001870780760ALEX SANDRO DO NASCIMENTO               RUA DA PALHADA, 1113  NOVA IGUACU RIO DE            26000000                                                            000013
100000 000000000000 00090345100325490REGTIT31268548146680     0002020000005995648800000000002N           2  01000599564826041900000001600000000000099N260319000000000000001070000000000000000000000000000000000000000000000100039530609884LAIS SILVA BARRETO                      RUA LOGRONO, 51 JARDIM VALE DAS VIRTUDES            05796120                                                            000014
100000 000000000000 00090345100325490REGTIT31268662948670     0002020000005995637200000000002N           2  01000599563710041900000000113470000000099N260319000000000000000080000000000000000000000000000000000000000000000100077478002404JESUS NUNES FILHO                       RUA BAHIA, 199 JOSE E MARIA PETROLINA PE            56320060                                                            000015
100000 000000000000 00090345100325490REGTIT31268925555720     0002020000005995646100000000002N           2  01000599564626041900000000500000000000099N260319000000000000000330000000000000000000000000000000000000000000000100023430829879ALISSON DE MELO SILVESTRE               ESTRADA KIZAEMON TAKEUTI, 519 SOBRELOJA             06775000                                                            000016
100000 000000000000 00090345100325490REGTIT31269125736339     0002020000005966093700000000002N           2  02000596609320031900000000140000000000099N081218000000000000000090000000000000000000000000000000000000000000000100011229320814MARIA APARECIDA CABAL SICHELLI          SEBASTIAO BENEDITO DO AMARAL, 537 VILA L            13450395                                                            000017
100000 000000000000 00090345100325490REGTIT31269369867394     0002020000005995638000000000002N           2  01000599563824051900000000250000000000099N260319000000000000000170000000000000000000000000000000000000000000000100001673507905LAURO ADALBERTO ZAZE DIAS               BARRAO DO CERRO AZUL, 1117 CENTRO PIRAQU            83301000                                                            000018
100000 000000000000 00090345100325490REGTIT31269782520362     0002020000005920866P00000000002N           2  02000592086612031900000000230000000000099N070818000000000000000150000000000000000000000000000000000000000000000100036046207835SONIA THEODORO GIL                      GENERAL COUTO MAGALHAES, 236 31 DE MARCO            13453135                                                            000019
9                                                                                                                                                                                                                                                                                                                                                                                                         000020