01REMESSA01COBRANCA       00000000000004852239ISPCN                         237BRADESCO       190319        MX0003070                                                                                                                                                                                                                                                                                     000001
100000 000000000000 00090345100325490REGTIT30702250646269     0002020000005968480100000000002N           2  02000596848028021900000000503750000000099N221218000000000000000340000000000000000000000000000000000000000000000100049832079888GABRIEL LEITE DA SILVA                  MARIA HENRIQUETA INACIO BAPTISTA, 315 JA            06775151                                                            000002
100000 000000000000 00090345100325490REGTIT30702250646269     0002020000005968481P00000000002N           2  02000596848130031900000000503750000000099N221218000000000000000340000000000000000000000000000000000000000000000100049832079888GABRIEL LEITE DA SILVA                  MARIA HENRIQUETA INACIO BAPTISTA, 315 JA            06775151                                                            000003
100000 000000000000 00090345100325490REGTIT30702625100471     0002020000005993776900000000002N           2  01000599377610041900000000115000000000099N190319000000000000000080000000000000000000000000000000000000000000000100009187566850IRENEIDE MARIA DE SOUSA                 JOAO XXIII (VL S PEDRO), 26 MONTANHAO SA            09784410                                                            000004
100000 000000000000 00090345100325490REGTIT30702625100471     0002020000005993777700000000002N           2  01000599377710051900000000115000000000099N190319000000000000000080000000000000000000000000000000000000000000000100009187566850IRENEIDE MARIA DE SOUSA                 JOAO XXIII (VL S PEDRO), 26 MONTANHAO SA            09784410                                                            000005
100000 000000000000 00090345100325490REGTIT30703243193464     0002020000005993775000000000002N           2  01000599377519041900000001007000000000099N190319000000000000000670000000000000000000000000000000000000000000000100021993005870FLORINDA APARECIDA MARQUES DE OLIVEIRA  NORIVAL LACERDA, 148 JARDIM MARIA VIRGIN            05761340                                                            000006
100000 000000000000 00090345100325490REGTIT30703805308908     0002020000005969876400000000002N           2  02000596987610031900000000148000000000099N090119000000000000000100000000000000000000000000000000000000000000000100078752434915ELIANA MARIANO DE OLIVEIRA              VENCESLAU BRAZ, 145 CONJUNTO HABITACIONA            13453189                                                            000007
100000 000000000000 00090345100325490REGTIT30704131190669     0002020000005969803900000000002N           2  02000596980308031900000000141670000000099N080119000000000000000090000000000000000000000000000000000000000000000100025801296859OSCAR SILGUEIRA FREIRE                  DEZESSETE, 135 PQ DO CAFE UM MONTE MOR S            13190000                                                            000008
100000 000000000000 00090345100325490REGTIT30704477991142     0002020000005900858P00000000002N           2  02000590085810031900000000179400000000099N020618000000000000000120000000000000000000000000000000000000000000000100020513409866ADRIANA MARTINS SALGADO                 EST SÃO FRANCISCO, 1041  AP 233 BL B JD             06764290                                                            000009
100000 000000000000 00090345100325490REGTIT30704660702165     0002020000005968150000000000002N           2  02000596815011031900000000277000000000099N201218000000000000000180000000000000000000000000000000000000000000000100025801296859OSCAR SILGUEIRA FREIRE                  DEZESSETE, 135 PQ DO CAFE UM MONTE MOR S            13190000                                                            000010
100000 000000000000 00090345100325490REGTIT30704861787478     0002020000005958569200000000002N           2  02000595856910031900000000060000000000099N241118000000000000000040000000000000000000000000000000000000000000000100046761489920JOAO CORREIA                            ATLAS, 940 CENTRO OURIZONA PR                       87170000                                                            000011
100000 000000000000 00090345100325490REGTIT30705221088818     0002020000005928239800000000002N           2  02000592823923021900000000108330000000099N230818000000000000000070000000000000000000000000000000000000000000000100024847344847GERLANDIO VIEIRA DE FREITAS             SAO LAZARO GLEBA 03 CASA 03 NUMERO 353,             72700000                                                            000012
100000 000000000000 00090345100325490REGTIT30705894253684     0002020000005993783100000000002N           2  01000599378319041900000000300000000000099N190319000000000000000200000000000000000000000000000000000000000000000100007920492840HILDEFONSO JOSÉ DE SOUSA                JARACATIA - ATÉ 599/600, 355 JARDIM UMAR            05754070                                                            000013
100000 000000000000 00090345100325490REGTIT30707511923271     0002020000005985043400000000002N           2  02000598504320031900000000230000000000099N160219000000000000000150000000000000000000000000000000000000000000000100028950007860SARA QUEIROZ RIBEIRO FELICIANO          ORLANDO CERCHIARE, 105 JARDIM VILA RICA             13453255                                                            000014
100000 000000000000 00090345100325490REGTIT30707839707301     0002020000005928827200000000002N           2  02000592882725031900000000118750000000099N270818000000000000000080000000000000000000000000000000000000000000000100091397723149MADALENA  LAURA  DA  SILVA              RUA  48, N 260 JOAO  DE  DEUS PETROLINA             56300000                                                            000015
100000 000000000000 00090345100325490REGTIT30708864709374     0002020000005985201100000000002N           2  02000598520118031900000000201750000000099N180219000000000000000130000000000000000000000000000000000000000000000100010244805938CLEYTON MONTOLI                         JACKSON LUIZ PAVIN, 236 CASA 02 ROCA GRA            83402194                                                            000016
100000 000000000000 00090345100325490REGTIT30708968339214     0002020000005993773400000000002N           2  01000599377319041900000000760000000000099N190319000000000000000510000000000000000000000000000000000000000000000100044336418802FELIPE TEIXEIRA DA FONSECA              DO VALBOEIRO, 22 JARDIM AURELIO SAO PAUL            05857460                                                            000017
100000 000000000000 00090345100325490REGTIT30709638299706     0002020000005918793P00000000002N           2  02000591879320021900000000108000000000099N250718000000000000000070000000000000000000000000000000000000000000000100008637533884JAIRA CARLOS                            MARIO DANIEL, 80 ROCHELLE II SANTA BARBA            13450000                                                            000018
9                                                                                                                                                                                                                                                                                                                                                                                                         000019