01REMESSA01COBRANCA       00000000000004852239ISPCN                         237BRADESCO       200319        MX0003079                                                                                                                                                                                                                                                                                     000001
100000 000000000000 00090345100325490REGTIT30793479793253     0002020000005900251400000000002N           2  02000590025128021900000000085000000000099N290518000000000000000060000000000000000000000000000000000000000000000100002160796409GRACIANE PEREIRA DE ARAUJO              RUA:JADE, N:570 PEDRA LINDA PETROLINA PE            56300000                                                            000002
100000 000000000000 00090345100325490REGTIT30794351262069     0002020000005993993100000000002N           2  01000599399320041900000000800000000000099N200319000000000000000530000000000000000000000000000000000000000000000100010536796882MANOEL DOS SANTOS                       NILO, 40 JD CASA BRANCA EMBU SP                     06810410                                                            000003
100000 000000000000 00090345100325490REGTIT30795339693286     0002020000005993995800000000002N           2  01000599399503041900000000151300000000099N200319000000000000000500000000000000000000000000000000000000000000000207757548000120SUPERMERCADO VALADARES                  RUA DOS NARCISOS, 1238 CAMPINA DA BARRA             83709650                                                            000004
100000 000000000000 00090345100325490REGTIT30795603064215     0002020000005957522000000000002N           2  02000595752210031900000000100000000000099N171118000000000000000070000000000000000000000000000000000000000000000100009910385414JEFFERSON CLEITON SOUZA DE AMORIM       RUA JOSE GINIVALDO NASCIMENTO, 70 JOAO D            56300000                                                            000005
100000 000000000000 00090345100325490REGTIT30796155200000     0002020000005968417800000000002N           2  02000596841715031900000000185000000000099N211218000000000000000120000000000000000000000000000000000000000000000100040157008215MARIA IZABEL MONTEIRO SOEIRO            BACURIZINHO (SALVATERRA), 000 MARAJO  BE            66886000                                                            000006
100000 000000000000 00090345100325490REGTIT30796434514890     0002020000005976353100000000002N           2  02000597635319021900000000032800000000099N190119000000000000000020000000000000000000000000000000000000000000000100001621024962LINDIOMAR PEDRO DE OLIVEIRA             BELA VISTA, 0 CENTRO OURIZONA PR                    87100000                                                            000007
100000 000000000000 00090345100325490REGTIT30796434514890     0002020000005976354P00000000002N           2  02000597635419031900000000032800000000099N190119000000000000000020000000000000000000000000000000000000000000000100001621024962LINDIOMAR PEDRO DE OLIVEIRA             BELA VISTA, 0 CENTRO OURIZONA PR                    87100000                                                            000008
100000 000000000000 00090345100325490REGTIT30796604474973     0002020000005937585P00000000002N           2  02000593758515031900000000058350000000099N150918000000000000000040000000000000000000000000000000000000000000000100014853442472GENIVALDO  CORDEIRO  DOS  SANTOS        AVENIDA  MARECHAL HERMEM DA  FONSECA, N             56300000                                                            000009
100000 000000000000 00090345100325490REGTIT30796629124871     0002020000005993994P00000000002N           2  01000599399401041900000000190000000000099N200319000000000000000130000000000000000000000000000000000000000000000100003303031983ADMILSON MARRONI                        AV. MAL DEODORO, 2812 BAIRRO ALTO CURITI            82820110                                                            000010
100000 000000000000 00090345100325490REGTIT30797614407738     0002020000005948600700000000002N           2  02000594860017031900000000075000000000099N231018000000000000000050000000000000000000000000000000000000000000000100004296975463HELENO BENICIO DE LIMA                  RUA: 05, 21 PROJETO N 03 PETROLINA PE               56300000                                                            000011
9                                                                                                                                                                                                                                                                                                                                                                                                         000012