01REMESSA01COBRANCA       00000000000004972103WC SISTEMAS E EQUIPAMENTOS DE 237BRADESCO       120319        MX0002614                                                                                                                                                                                                                                                                                     000001
100000 000000000000 00090345100240370REGTIT2614997198694484   0002020090005987656600000000002N           2  01997198694418031900000000239700000000099N120319000000000000000360000000000000000000000000000000000000000000000218313011000197CIDADE MUSICAL SERVICOS DE MULTIMIDIA LTRUA ARY BARROSO, 266                                82540000                                                            000002
9                                                                                                                                                                                                                                                                                                                                                                                                         000003