01REMESSA01COBRANCA       00000000000004972103WC SISTEMAS E EQUIPAMENTOS DE 237BRADESCO       120319        MX0002613                                                                                                                                                                                                                                                                                     000001
100000 000000000000 00090345100240370REGTIT26131902053793     0002020000005979718500000000002N           2  02190205379328021900000000219400000000099N080219000000000000000330000000000000000000000000000000000000000000000213592194000103R & M EMPREENDIMENTOS LTDA ME           RUA SETE DE SETEMBRO, 990                           65919330                                                            000002
100000 000000000000 00090345100240370REGTIT26131902055687     0002020000005979749500000000002N           2  02190205568728021900000000146400000000099N080219000000000000000220000000000000000000000000000000000000000000000237563319000135ELEONEL XAVIER DOS SANTOS ME            AV EURICO SOARES DE ANDRADE, 1540                   79750000                                                            000003
100000 000000000000 00090345100240370REGTIT26131902062346     0002020000005979979P00000000002N           2  02190206234628021900000000187800000000099N080219000000000000000280000000000000000000000000000000000000000000000214813314000118JEIMISON SANTOS GUIMARAES ME            RUA PEDRA GRANDE, 323                               56306620                                                            000004
100000 000000000000 00090345100240370REGTIT26131902072576     0002020000005983543500000000002N           2  02190207257628021900000000314450000000099N080219000000000000000470000000000000000000000000000000000000000000000218730666000160JARDIM COBRANCA LTDA                    ESTRADA DA ROSEIRA, 5505                            83075010                                                            000005
9                                                                                                                                                                                                                                                                                                                                                                                                         000006