01REMESSA01COBRANCA       00000000000004852239ISPCN                         237BRADESCO       060319        MX0002972                                                                                                                                                                                                                                                                                     000001
100000 000000000000 00090345100325490REGTIT29721121061100     0002020000005909735300000000002N           2  02000590973528021900000000079000000000099N250618000000000000000050000000000000000000000000000000000000000000000100038302983829HELIO JOAQUIM OLIVEIRA                  DA ALEGRIA, 95 JARDIM VISTA ALEGRE SANTA            13458586                                                            000002
100000 000000000000 00090345100325490REGTIT29721476078993     0002020000005985260700000000002N           2  02000598526011031900000000353200000000099N180219000000000000000240000000000000000000000000000000000000000000000100053155084049CATIA CILENE FONTOURA ARRUDA            LUPICINIO RODRIGUES, 1259 CASA STA RITA             92500000                                                            000003
100000 000000000000 00090345100325490REGTIT29721498764732     0002020000005969856P00000000002N           2  02000596985610031900000000097550000000099N090119000000000000000070000000000000000000000000000000000000000000000100056809840915SUZANA BARRACA                          19 DE NOVEMBRO, 516 CASA CENTRO OURIZONA            87170000                                                            000004
100000 000000000000 00090345100325490REGTIT29721517814658     0002020000005908935000000000002N           2  02000590893510031900000000170000000000099N190618000000000000000110000000000000000000000000000000000000000000000100030691104875SANDRA SOARES OLIVEIRA                  SITIO GRACIANO, 00 PORTAO VERDE SANTO AN            13450000                                                            000005
100000 000000000000 00090345100325490REGTIT29722204507030     0002020000005986662400000000002N           2  01000598666204041900000000203500000000099N060319000000000000000140000000000000000000000000000000000000000000000205783827000132MERCADO JOSIGOM                         VICTOR ALVES FERREIRA, 226 ITALIA SAO JO            83020294                                                            000006
100000 000000000000 00090345100325490REGTIT29722410532587     0002020000005902058P00000000002N           2  02000590205815021900000000330000000000099N070618000000000000000220000000000000000000000000000000000000000000000100037564791888TAINA KRYSIA G TEIXEIRA                 OSORIO DUQUE ESTRADA, 647 JD BATIGIM SBO            13450000                                                            000007
100000 000000000000 00090345100325490REGTIT29723364612489     0002020000005986635700000000002N           2  01000598663515041900000003364030000000099N060319000000000000000000000000000000000000000000000000000000000000000100008104134930LARISSA LORRANE LOPES DE FARIA          ARAXA, 541 CENTRO OURIZONA PR                       87170000                                                            000008
100000 000000000000 00090345100325490REGTIT29723364612489     0002020000005986636500000000002N           2  01000598663615041900000000281000000000099N060319000000000000000190000000000000000000000000000000000000000000000100008104134930LARISSA LORRANE LOPES DE FARIA          ARAXA, 541 CENTRO OURIZONA PR                       87170000                                                            000009
100000 000000000000 00090345100325490REGTIT29724131190669     0002020000005969802000000000002N           2  02000596980208021900000000141670000000099N080119000000000000000090000000000000000000000000000000000000000000000100025801296859OSCAR SILGUEIRA FREIRE                  DEZESSETE, 135 PQ DO CAFE UM MONTE MOR S            13190000                                                            000010
100000 000000000000 00090345100325490REGTIT29724249453896     0002020000005986648900000000002N           2  01000598664830031900000000302000000000099N060319000000000000000200000000000000000000000000000000000000000000000100097266884934ALFREDO MAYER BACH                      JOAO COSMO, 511 VILA OTTO CAMPO LARGO PR            83600000                                                            000011
100000 000000000000 00090345100325490REGTIT29724606987713     0002020000005930714500000000002N           2  02000593071405031900000000150000000000099N040918000000000000000100000000000000000000000000000000000000000000000100017151480881LAURINDA GONCALVES DE SOUZA ALBIERO     ALBERTO NOVAES, 372 RES. FURLAN SANTA BÁ            13451192                                                            000012
100000 000000000000 00090345100325490REGTIT29724660702165     0002020000005968149700000000002N           2  02000596814911021900000000277000000000099N201218000000000000000180000000000000000000000000000000000000000000000100025801296859OSCAR SILGUEIRA FREIRE                  DEZESSETE, 135 PQ DO CAFE UM MONTE MOR S            13190000                                                            000013
100000 000000000000 00090345100325490REGTIT29725783416827     0002020000005985296800000000002N           2  02000598529605031900000000122670000000099N180219000000000000000080000000000000000000000000000000000000000000000100011687443858MARCOS FRANCISCO DOS SANTOS             RUA SEBASTIAO MALUCELLI, 1200 BL E AP 23            81050270                                                            000014
100000 000000000000 00090345100325490REGTIT29726323695911     0002020000005970266400000000002N           2  02000597026605031900000000120000000000099N100119000000000000000080000000000000000000000000000000000000000000000100059067993204ALEXANDRE PANTOJA GONÇALVES             SIQUEIRA MENDES, 594 CRUZEIRO (ICOARACI)            66810050                                                            000015
100000 000000000000 00090345100325490REGTIT29726449272731     0002020000005948364400000000002N           2  02000594836420021900000000111390000000099N201018000000000000000070000000000000000000000000000000000000000000000100025801296859OSCAR SILGUEIRA FREIRE                  DEZESSETE, 135 PQ DO CAFE UM MONTE MOR S            13190000                                                            000016
100000 000000000000 00090345100325490REGTIT29726789416207     0002020000005978079700000000002N           2  02000597807902031900000000196000000000099N310119000000000000000130000000000000000000000000000000000000000000000100029552273234NALVA DO SOCORRO SOUZA DA SILVA         TRAVESSA SAO ROQUE, 974 CRUZEIRO BELEM P            66810020                                                            000017
100000 000000000000 00090345100325490REGTIT29726819945983     0002020000005976766900000000002N           2  02000597676610031900000000560000000000099N220119000000000000000370000000000000000000000000000000000000000000000100011551813874VILMA AP SOARES DA SILVA                PEDRO CANDIDO RANGEL, 183 PARQUE RESIDEN            13458066                                                            000018
100000 000000000000 00090345100325490REGTIT29726928303734     0002020000005978093200000000002N           2  02000597809306031900000000190000000000099N310119000000000000000130000000000000000000000000000000000000000000000100004737842893URIEL DE JESUS SANDINO PEREZ            WILHELM FRIEDRICH LADWIG, 80 JARDIM CLAR            05866170                                                            000019
100000 000000000000 00090345100325490REGTIT29727122917580     0002020000005967906900000000002N           2  02000596790625021900000000190000000000099N191218000000000000000130000000000000000000000000000000000000000000000100038302983829HELIO JOAQUIM OLIVEIRA                  DA ALEGRIA, 95 JARDIM VISTA ALEGRE SANTA            13458586                                                            000020
100000 000000000000 00090345100325490REGTIT29727228241513     0002020000005968489500000000002N           2  02000596848922021900000000032350000000099N221218000000000000000020000000000000000000000000000000000000000000000100006124675978ALESSANDRA DA SILVA FLORENCIO           PARANA, 487 CENTRO OURIZONA PR                      87170000                                                            000021
100000 000000000000 00090345100325490REGTIT29728050477368     0002020000005948635P00000000002N           2  02000594863523021900000000038300000000099N231018000000000000000030000000000000000000000000000000000000000000000100006124675978ALESSANDRA DA SILVA FLORENCIO           PARANA, 487 CENTRO OURIZONA PR                      87170000                                                            000022
100000 000000000000 00090345100325490REGTIT29728283395688     0002020000005968882300000000002N           2  02000596888228021900000000350000000000099N271218000000000000000230000000000000000000000000000000000000000000000100005752450268JUCIREMA CONCEIÇÃO DOS SANTOS           TRAVESSA DO CRUZEIRO, 1296 CRUZEIRO BELE            66810000                                                            000023
100000 000000000000 00090345100325490REGTIT29728513316681     0002020000005986649700000000002N           2  01000598664920031900000000365000000000099N060319000000000000000240000000000000000000000000000000000000000000000279766887000183BIOAGRO                                 ROD DO XISTO BR 476, 6964 KM 21 VILA NOV            83703265                                                            000024
100000 000000000000 00090345100325490REGTIT29729199297589     0002020000005929005600000000002N           2  02000592900510031900000000160000000000099N270818000000000000000110000000000000000000000000000000000000000000000100025801296859OSCAR SILGUEIRA FREIRE                  DEZESSETE, 135 PQ DO CAFE UM MONTE MOR S            13190000                                                            000025
100000 000000000000 00090345100325490REGTIT29729388521292     0002020000005917825600000000002N           2  02000591782510031900000000590000000000099N180718000000000000000390000000000000000000000000000000000000000000000100025801296859OSCAR SILGUEIRA FREIRE                  DEZESSETE, 135 PQ DO CAFE UM MONTE MOR S            13190000                                                            000026
100000 000000000000 00090345100325490REGTIT29729455264475     0002020000005950567200000000002N           2  02000595056710031900000000068000000000099N061118000000000000000050000000000000000000000000000000000000000000000100086830996872GILBERTO DE SIQUEIRA GERALDO            INDAIÁ, 55 JARDIM BATAGIN SANTA BÁRBARA             13453068                                                            000027
100000 000000000000 00090345100325490REGTIT29729557793438     0002020000005986650000000000002N           2  01000598665010041900000000870000000000099N060319000000000000000580000000000000000000000000000000000000000000000100016600508809MARIA AZENILDA DE SALES CARDOSO         RUA MARIA DO SOCORRO ROSA DOS SANTOS, 43            13190000                                                            000028
9                                                                                                                                                                                                                                                                                                                                                                                                         000029