01REMESSA01COBRANCA       00000000000004852239ISPCN                         237BRADESCO       200319        MX0003081                                                                                                                                                                                                                                                                                     000001
100000 000000000000 00090345100325490REGTIT30811375553810     0002020000005987010900000000002N           2  02000598701015031900000000210000000000099N090319000000000000000140000000000000000000000000000000000000000000000100037564791888TAINA KRYSIA G TEIXEIRA                 OSORIO DUQUE ESTRADA, 647 JD BATIGIM SBO            13450000                                                            000002
100000 000000000000 00090345100325490REGTIT30811499798753     0002020000005994029800000000002N           2  01000599402920041900000001651120000000099N200319000000000000001100000000000000000000000000000000000000000000000100032017565806MOISES SANTOS DE MORAIS                 NICARAGUA, 68 JARDIM SANTA EMILIA EMBU S            06820330                                                            000003
100000 000000000000 00090345100325490REGTIT30811689289977     0002020000005939031P00000000002N           2  02000593903106031900000000300000000000099N250918000000000000000200000000000000000000000000000000000000000000000100009993020869BEATRIZ ROCHA                           ARGEMIRO CAMARGO PEDROSO, 1842 JARDIM SA            13457132                                                            000004
100000 000000000000 00090345100325490REGTIT30812410532587     0002020000005902059800000000002N           2  02000590205915031900000000330000000000099N070618000000000000000220000000000000000000000000000000000000000000000100037564791888TAINA KRYSIA G TEIXEIRA                 OSORIO DUQUE ESTRADA, 647 JD BATIGIM SBO            13450000                                                            000005
100000 000000000000 00090345100325490REGTIT30812575928212     0002020000005978228500000000002N           2  02000597822830031900000000110000000000099N010219000000000000000070000000000000000000000000000000000000000000000100024683981220MARIA RUTHPALHA DE OLIVEIRA             CORONEL JUVENCIO SARMENTO, 965 CASA DOS             66810080                                                            000006
100000 000000000000 00090345100325490REGTIT30812778852677     0002020000005994015800000000002N           2  01000599401520041900000002160000000000099N200319000000000000001440000000000000000000000000000000000000000000000100027734219810MAURINA DE SANTANA                      QUINZE DE NOVEMBRO, 37 JARDIM STELLA MAR            06626460                                                            000007
100000 000000000000 00090345100325490REGTIT30813052051203     0002020000005968430500000000002N           2  02000596843015031900000000034690000000099N221218000000000000000020000000000000000000000000000000000000000000000100011815988932RAPHAELA DOS SANTOS CAVICHIO            CAMPO GRANDE, 1131 CENTRO OURIZONA PR               87170000                                                            000008
100000 000000000000 00090345100325490REGTIT30813105084912     0002020000005994038700000000002N           2  01000599403824041900000000150000000000099N200319000000000000000100000000000000000000000000000000000000000000000100074627210230CELMA DE DEUS SALES                     PA SAO GERALDO, S|N VILA BRASILEIRO BOM             65907230                                                            000009
100000 000000000000 00090345100325490REGTIT30813479793253     0002020000005900251400000000002N           2  02000590025128021900000000085000000000099N290518000000000000000060000000000000000000000000000000000000000000000100002160796409GRACIANE PEREIRA DE ARAUJO              RUA:JADE, N:570 PEDRA LINDA PETROLINA PE            56300000                                                            000010
100000 000000000000 00090345100325490REGTIT30813482576658     0002020000005994042500000000002N           2  01000599404224041900000000100000000000099N200319000000000000000070000000000000000000000000000000000000000000000100073004642204MACIEL  ALVES DA SILVA                  PA SAO GERALDO, 0 VILA BRASILEIRO BOM JE            68525000                                                            000011
100000 000000000000 00090345100325490REGTIT30813699177073     0002020000005994024700000000002N           2  01000599402424041900000000112500000000099N200319000000000000000080000000000000000000000000000000000000000000000100091007437200LUZIMARA DE JESUS COSTA                 P A SAO GERALDO, 17 VILA BRASILEIRINHO              65900000                                                            000012
100000 000000000000 00090345100325490REGTIT30813756859931     0002020000005994072700000000002N           2  01000599407230041900000000145000000000099N200319000000000000000100000000000000000000000000000000000000000000000100069637989234ANTONIA BISPO DOS REIS SILVA            VILA LIMAO, S|N ZONA RURAL JACUNDA  PA              68590000                                                            000013
100000 000000000000 00090345100325490REGTIT30814319115202     0002020000005994046800000000002N           2  01000599404620041900000000150000000000099N200319000000000000000100000000000000000000000000000000000000000000000100018906966253GILSON PEREIRA CRIZOSTOMO               PA SAO GERALDO, S|N VILA BRASILEIRO BOM             68525000                                                            000014
100000 000000000000 00090345100325490REGTIT30815048785333     0002020000005994017400000000002N           2  01000599401720041900000003153000000000099N200319000000000000002100000000000000000000000000000000000000000000000100009004946896MARCELO SANTOS GUIMARAES                MARIA JOSE DA CONCEICAO, 20 VILA ANDRADE            05730-17                                                            000015
100000 000000000000 00090345100325490REGTIT30815398608239     0002020000005994054900000000002N           2  01000599405424041900000000175000000000099N200319000000000000000120000000000000000000000000000000000000000000000100003288433265RAFAEL PEREIRA DA SILVA                 VILA LIMAO, S|N ZONA RURAL JACUNDA  PA              68590000                                                            000016
100000 000000000000 00090345100325490REGTIT30815420488619     0002020000005994019000000000002N           2  01000599401920041900000000300000000000099N200319000000000000000200000000000000000000000000000000000000000000000100006606486955MARCO AURELIO MENDES DE OLIVEIRA        ADELAIDE SCHULE DE AGUIAR, 200 VILA ROSA            83304070                                                            000017
100000 000000000000 00090345100325490REGTIT30815555870893     0002020000005987233000000000002N           2  02000598723310041900000000130000000000099N110319000000000000000090000000000000000000000000000000000000000000000100030877682860NOEMI SANCHES                           JOSÉ LUIS COVOLAN, 328 RESIDENCIAL FURLA            13450000                                                            000018
100000 000000000000 00090345100325490REGTIT30815603064215     0002020000005957522000000000002N           2  02000595752210031900000000100000000000099N171118000000000000000070000000000000000000000000000000000000000000000100009910385414JEFFERSON CLEITON SOUZA DE AMORIM       RUA JOSE GINIVALDO NASCIMENTO, 70 JOAO D            56300000                                                            000019
100000 000000000000 00090345100325490REGTIT30815956581673     0002020000005994034400000000002N           2  01000599403424041900000000150000000000099N200319000000000000000100000000000000000000000000000000000000000000000100090756312272DEUSIENE ALVES DA SILVA                 PA SAO GERALDO, S|N  VLA BRASILEIRO  BOM            65907230                                                            000020
100000 000000000000 00090345100325490REGTIT30816046100502     0002020000005994030100000000002N           2  01000599403024041900000000112500000000099N200319000000000000000080000000000000000000000000000000000000000000000100001463912250THAELE CRIZOSTOMO LOPES CRUZ            PA SAO GERALDO, S|N VILA BRASILEIRO  BOM            65907230                                                            000021
100000 000000000000 00090345100325490REGTIT30816155200000     0002020000005968417800000000002N           2  02000596841715031900000000185000000000099N211218000000000000000120000000000000000000000000000000000000000000000100040157008215MARIA IZABEL MONTEIRO SOEIRO            BACURIZINHO (SALVATERRA), 000 MARAJO  BE            66886000                                                            000022
100000 000000000000 00090345100325490REGTIT30816434514890     0002020000005976353100000000002N           2  02000597635319021900000000032800000000099N190119000000000000000020000000000000000000000000000000000000000000000100001621024962LINDIOMAR PEDRO DE OLIVEIRA             BELA VISTA, 0 CENTRO OURIZONA PR                    87100000                                                            000023
100000 000000000000 00090345100325490REGTIT30816434514890     0002020000005976354P00000000002N           2  02000597635419031900000000032800000000099N190119000000000000000020000000000000000000000000000000000000000000000100001621024962LINDIOMAR PEDRO DE OLIVEIRA             BELA VISTA, 0 CENTRO OURIZONA PR                    87100000                                                            000024
100000 000000000000 00090345100325490REGTIT30816604474973     0002020000005937585P00000000002N           2  02000593758515031900000000058350000000099N150918000000000000000040000000000000000000000000000000000000000000000100014853442472GENIVALDO  CORDEIRO  DOS  SANTOS        AVENIDA  MARECHAL HERMEM DA  FONSECA, N             56300000                                                            000025
100000 000000000000 00090345100325490REGTIT30816810814278     0002020000005994069700000000002N           2  01000599406920041900000000405890000000099N200319000000000000000270000000000000000000000000000000000000000000000100006182602694MAURICIO DE OLIVEIRA TEIXEIRA           DOM PEDRO DE ALCANTARA (VL S PEDRO), 345            09784000                                                            000026
100000 000000000000 00090345100325490REGTIT30817614407738     0002020000005948600700000000002N           2  02000594860017031900000000075000000000099N231018000000000000000050000000000000000000000000000000000000000000000100004296975463HELENO BENICIO DE LIMA                  RUA: 05, 21 PROJETO N 03 PETROLINA PE               56300000                                                            000027
100000 000000000000 00090345100325490REGTIT30818810915057     0002020000005994066200000000002N           2  01000599406624041900000000150000000000099N200319000000000000000100000000000000000000000000000000000000000000000100005247752228EMERSON PEREIRA DA SILVA                VILA LIMAO, S|N ZONA RURAL JACUNDA  PA              68590000                                                            000028
100000 000000000000 00090345100325490REGTIT30818843749198     0002020000005994018200000000002N           2  01000599401802041900000001622000000000099N200319000000000000001080000000000000000000000000000000000000000000000223322817000181DISTRIBUIDORA SUSIN LTDA ME             COSTA RICA, 455 NACOES FAZENDA RIO GRAND            83823062                                                            000029
100000 000000000000 00090345100325490REGTIT30818979190178     0002020000005994050600000000002N           2  01000599405020041900000000150000000000099N200319000000000000000100000000000000000000000000000000000000000000000100018906966253GILSON PEREIRA CRIZOSTOMO               PA SAO GERALDO, S|N VILA BRASILEIRO BOM             68525000                                                            000030
9                                                                                                                                                                                                                                                                                                                                                                                                         000031