01REMESSA01COBRANCA       00000000000004852239ISPCN                         237BRADESCO       150319        MX0003050                                                                                                                                                                                                                                                                                     000001
100000 000000000000 00090345100325490REGTIT30501184663118     0002020000005908983000000000002N           2  02000590898319031900000000046970000000099N190618000000000000000030000000000000000000000000000000000000000000000100008867173960GESSICA ALINE CARUZO                    ARITA, 880 CASA CENTRO OURIZONA PR                  87170000                                                            000002
100000 000000000000 00090345100325490REGTIT30501197233646     0002020000005993242200000000002N           2  01000599324215041900000003891980000000099N150319000000000000002590000000000000000000000000000000000000000000000100022659004862ELIANA DA SILVA PINTO                   OLIMPIO RODRIGUES DE ARAUJO, 1067 JARDIM            05894390                                                            000003
100000 000000000000 00090345100325490REGTIT30501317875521     0002020000005977640400000000002N           2  02000597764010031900000000056750000000099N280119000000000000000040000000000000000000000000000000000000000000000100045030779884ADRIANE PEREIRA DE SOUZA                RUA QUATRO, 102 JARDIM PAULISTA MONTE MO            13190000                                                            000004
100000 000000000000 00090345100325490REGTIT30501363890758     0002020000005993259700000000002N           2  01000599325905041900000000075000000000099N150319000000000000000050000000000000000000000000000000000000000000000100035573910191MARIA DO CARMO PIRES SILVA LIMA         RUA ALAGOAS, 520 JUCARA IMPERATRIZ MA               65919170                                                            000005
100000 000000000000 00090345100325490REGTIT30501363890758     0002020000005993260000000000002N           2  01000599326005051900000000075000000000099N150319000000000000000050000000000000000000000000000000000000000000000100035573910191MARIA DO CARMO PIRES SILVA LIMA         RUA ALAGOAS, 520 JUCARA IMPERATRIZ MA               65919170                                                            000006
100000 000000000000 00090345100325490REGTIT30501525939649     0002020000005993267800000000002N           2  01000599326715041900000002000000000000099N150319000000000000001330000000000000000000000000000000000000000000000100007915824422CRISTINA CORREIA DOS SANTOS             RAUL DE AZEVEDO, 39 JARDIM AMÁLIA SÃO PA            05890150                                                            000007
100000 000000000000 00090345100325490REGTIT30501683602192     0002020000005926169200000000002N           2  02000592616925031900000000140000000000099N100818000000000000000190000000000000000000000000000000000000000000000100080639445853EZEQUIEL UZIAS CESAR                    ESTRADA SERRA DO JAIRE, 100 CASA MONTE S            06685399                                                            000008
100000 000000000000 00090345100325490REGTIT30501769723275     0002020000005937884000000000002N           2  02000593788413031900000000095000000000099N180918000000000000000060000000000000000000000000000000000000000000000100002151906450MARIA DO SOCORRO NUNES LIMA             RUA DAS GARDENEAS, 35 DOM MALAN PETROLIN            56300000                                                            000009
100000 000000000000 00090345100325490REGTIT30501822306911     0002020000005960278300000000002N           2  02000596027810031900000000238000000000099N041218000000000000000160000000000000000000000000000000000000000000000100092427243191FLAVIA ALVES DA SILVA                   QS 411 CONJ F LOTE 1|2 APT 606, 606 VILA            72000000                                                            000010
100000 000000000000 00090345100325490REGTIT30502050225858     0002020000005993269400000000002N           2  01000599326915041900000000900000000000099N150319000000000000000600000000000000000000000000000000000000000000000100034696670805CAMILA BRASILIO DA GLORIA               JOAO ANTONIO DA FONSECA, 1021 PQ. PINHEI            06766190                                                            000011
100000 000000000000 00090345100325490REGTIT30502090977347     0002020000005902819P00000000002N           2  02000590281915031900000000072000000000099N090618000000000000000050000000000000000000000000000000000000000000000100006820582110BIANCA MARIA DE MELO                    TAMBAQUI, 14 JARDIM CENTRO OESTE CAMPO G            79073152                                                            000012
100000 000000000000 00090345100325490REGTIT30502708105291     0002020000005985020500000000002N           2  02000598502015031900000000100000000000099N150219000000000000000070000000000000000000000000000000000000000000000100001693523230PERCIO TEIXEIRA DE OLIVEIRA NETO        ALAMEDA SÃO JOÃO, 34 RUA 8 DE MAIO AGULH            66813020                                                            000013
100000 000000000000 00090345100325490REGTIT30502726016458     0002020000005927075600000000002N           2  02000592707508031900000000100000000000099N160818000000000000000070000000000000000000000000000000000000000000000100071619542153EVANETE MARIA DIAS                      AV: ANTONIO ESTEVAO DOS SANTOS, 633 B JO            56300000                                                            000014
100000 000000000000 00090345100325490REGTIT30502808588730     0002020000005985164300000000002N           2  02000598516416031900000000038950000000099N160219000000000000000030000000000000000000000000000000000000000000000100007894933902JAQUELINE MARQUESETTI                   PIONEIROS, 42 CENTRO OURIZONA PR                    87170000                                                            000015
100000 000000000000 00090345100325490REGTIT30502966015744     0002020000005968314700000000002N           2  02000596831420031900000000239000000000099N211218000000000000000160000000000000000000000000000000000000000000000100001535189363ADRIANA BENTO MARTINS                   QUADRA 13 LOTE, 04 CS 04 MANSSOES POR DO            72915475                                                            000016
100000 000000000000 00090345100325490REGTIT30503000472465     0002020000005993234100000000002N           2  01000599323415041900000002500000000000099N150319000000000000001670000000000000000000000000000000000000000000000100032997231892FATIMA PRAEIRO MARTINS                  PROFESSORA NINA STOCCO - DE 561/562 AO F            05767001                                                            000017
100000 000000000000 00090345100325490REGTIT30503046701004     0002020000005993246500000000002N           2  01000599324615041900000001080000000000099N150319000000000000000720000000000000000000000000000000000000000000000100033555372840EFIGENIA DO ROSARIO LUCIO FERREIRA      DAVID SILVA MEIRELLES,, 189 JARDIM MARIA            06770160                                                            000018
100000 000000000000 00090345100325490REGTIT30503106220496     0002020000005969034800000000002N           2  02000596903408031900000000176000000000099N281218000000000000000120000000000000000000000000000000000000000000000100000435613146MARIA DA CONCEIÇÃO OLIVEIRA DA SILVA    1029 CONJUNTO 2, 02 SAMAMBAIA NORTE SAMA            72339002                                                            000019
100000 000000000000 00090345100325490REGTIT30503242628723     0002020000005966619600000000002N           2  02000596661911031900000000059270000000099N111218000000000000000040000000000000000000000000000000000000000000000100008778073960ADAILTON DO NASCIMENTO MENEZES          PIONEIRO MIGUEL ELVIRA, 13 CONJ AMADO OU            87170000                                                            000020
100000 000000000000 00090345100325490REGTIT30503266795513     0002020000005993249P00000000002N           2  01000599324923041900000000257000000000099N150319000000000000000170000000000000000000000000000000000000000000000100048993043825AURORA FERNANDA FAGUNDES FARIAS DOS SANTRUA SEIS, 194 JARDIM COLINA UM MONTE MOR            13190000                                                            000021
100000 000000000000 00090345100325490REGTIT30503607376846     0002020000005993240600000000002N           2  01000599324015041900000002500000000000099N150319000000000000001670000000000000000000000000000000000000000000000100032997231892FATIMA PRAEIRO MARTINS                  PROFESSORA NINA STOCCO - DE 561/562 AO F            05767001                                                            000022
100000 000000000000 00090345100325490REGTIT30503633026828     0002020000005993273200000000002N           2  01000599327315041900000000646670000000099N150319000000000000000430000000000000000000000000000000000000000000000100000541589580ANA LUCIA DE ALMEIDA COSTA              STA ROSA, 0 ZONA RURAL MONTE SANTO BA               48800000                                                            000023
100000 000000000000 00090345100325490REGTIT30503952600223     0002020000005957592100000000002N           2  02000595759217031900000000056300000000099N171118000000000000000040000000000000000000000000000000000000000000000100074486837991LUCIMAR FATIMA CALVO                    ARITA, 1530 CENTRO OURIZONA PR                      87170000                                                            000024
100000 000000000000 00090345100325490REGTIT30504034508276     0002020000005993265100000000002N           2  01000599326508041900000000540000000000099N150319000000000000000360000000000000000000000000000000000000000000000208999791000117PANIFICADORA SONHO DOCE                 MARECHAL HERMES, 2282 VILA INA SAO JOSE             83065000                                                            000025
100000 000000000000 00090345100325490REGTIT30504342795159     0002020000005978389300000000002N           2  02000597838904031900000000067500000000099N040219000000000000000050000000000000000000000000000000000000000000000100082732965120JOSINA PEREIRA CARDOSO                  QR 413 CONJ 03 CASA 2, 2 PROPIO SAMAMBAI            72000000                                                            000026
100000 000000000000 00090345100325490REGTIT30504604792408     0002020000005993271600000000002N           2  01000599327115041900000002000000000000099N150319000000000000001330000000000000000000000000000000000000000000000100004719807909CLAUDEMIR ALVES MIRANDA                 RUA CATARINA DE OLIVEIRA MORAES, 156 JAR            06755230                                                            000027
100000 000000000000 00090345100325490REGTIT30504610922353     0002020000005897777500000000002N           2  02000589777716031900000000111190000000099N160518000000000000000070000000000000000000000000000000000000000000000100008867173960GESSICA ALINE CARUZO                    ARITA, 880 CASA CENTRO OURIZONA PR                  87170000                                                            000028
100000 000000000000 00090345100325490REGTIT30504646220807     0002020000005976976900000000002N           2  02000597697620021900000000164000000000099N230119000000000000000110000000000000000000000000000000000000000000000100002677248964JULIO CESAR DOS SANTOS                  HABIB SARKIS, 175 HABITAT AFONSO PENA SA            83045725                                                            000029
100000 000000000000 00090345100325490REGTIT30504660486173     0002020000005949092600000000002N           2  02000594909225031900000000300000000000099N251018000000000000000200000000000000000000000000000000000000000000000100096277785834ANTONIO BENEVIDES M PRADO               ENEIDE BOCATTO DE BARROS, 74 JARDIM VIST            13458584                                                            000030
100000 000000000000 00090345100325490REGTIT30505044749764     0002020000005946909900000000002N           2  02000594690910031900000000075000000000099N101018000000000000000050000000000000000000000000000000000000000000000100004670697439KEZIA   JUVYANE   ALVES   FERREIRA      RUA  DA  GITIRANA, N 315 AREIA  BRANCA              56300000                                                            000031
100000 000000000000 00090345100325490REGTIT30505185215373     0002020000005957604900000000002N           2  02000595760417031900000000058880000000099N171118000000000000000040000000000000000000000000000000000000000000000100074486837991LUCIMAR FATIMA CALVO                    ARITA, 1530 CENTRO OURIZONA PR                      87170000                                                            000032
100000 000000000000 00090345100325490REGTIT30505236935309     0002020000005993258900000000002N           2  01000599325815041900000002036720000000099N150319000000000000001360000000000000000000000000000000000000000000000100010471082830CARLOS JOSE LIBANO                      PROF PEREIRA FRAZAO, 101 GUAIANAZES  SAO            08410000                                                            000033
100000 000000000000 00090345100325490REGTIT30505878237407     0002020000005938254600000000002N           2  02000593825410031900000000085000000000099N200918000000000000000060000000000000000000000000000000000000000000000100068201079434MARIA DE FATIMA DA CONCEICAO ALVES      RUA 24, 301 PEDRO RAIMUNDO PETROLINA PE             56300000                                                            000034
100000 000000000000 00090345100325490REGTIT30506192004303     0002020000005957598000000000002N           2  02000595759817031900000000056560000000099N171118000000000000000040000000000000000000000000000000000000000000000100074486837991LUCIMAR FATIMA CALVO                    ARITA, 1530 CENTRO OURIZONA PR                      87170000                                                            000035
100000 000000000000 00090345100325490REGTIT30506325472547     0002020000005993275900000000002N           2  01000599327515041900000000054950000000099N150319000000000000000040000000000000000000000000000000000000000000000100010102971986CAMILA DOS SANTOS FERBONI               MACHADO DE ASSIS, 923 CENTRO OURIZONA PR            87170000                                                            000036
100000 000000000000 00090345100325490REGTIT30506325987556     0002020000005993248100000000002N           2  01000599324815041900000001800000000000099N150319000000000000001200000000000000000000000000000000000000000000000100039322037806DANILO BARBOSA HENRIQUES                NEMITALA, 186 PQ SAO GEORGE  COTIA SP               06708220                                                            000037
100000 000000000000 00090345100325490REGTIT30506715456338     0002020000005939119700000000002N           2  02000593911920021900000000180000000000099N250918000000000000000120000000000000000000000000000000000000000000000100010093377851ANA LUCIA FRANCHI DE ALMEIDA            PERNAMBUCO, 324 VILA BRASIL SANTA BÁRBAR            13450000                                                            000038
100000 000000000000 00090345100325490REGTIT30506745799018     0002020000005928984800000000002N           2  02000592898414021900000000095000000000099N270818000000000000000060000000000000000000000000000000000000000000000100002539712410JOSE EDMILSON DE ARAUJO VITORINO        RUA 47, 110 SAO GONCAALO PETROLINA PE               56300000                                                            000039
100000 000000000000 00090345100325490REGTIT30506765147737     0002020000005993264300000000002N           2  01000599326415041900000005000000000000099N150319000000000000003330000000000000000000000000000000000000000000000100007915824422CRISTINA CORREIA DOS SANTOS             RAUL DE AZEVEDO, 39 JARDIM AMÁLIA SÃO PA            05890150                                                            000040
100000 000000000000 00090345100325490REGTIT30507076723558     0002020000005966467300000000002N           2  02000596646705031900000000145670000000099N111218000000000000000100000000000000000000000000000000000000000000000100045798982904JOAO DO CARMO COSTA                     ANTONIO DUARTE, 318 CARVALHO HENRIQUE BA            86360000                                                            000041
100000 000000000000 00090345100325490REGTIT30507141971617     0002020000005947905100000000002N           2  02000594790517021900000000158330000000099N181018000000000000000110000000000000000000000000000000000000000000000100002132922462MARIA  EMILIA  SANTOS  ARAUJO           RUA  PADRE  FRAGLA, N 370 CENTRO PETROLI            56300000                                                            000042
100000 000000000000 00090345100325490REGTIT30507141971617     0002020000005947906P00000000002N           2  02000594790617031900000000158330000000099N181018000000000000000110000000000000000000000000000000000000000000000100002132922462MARIA  EMILIA  SANTOS  ARAUJO           RUA  PADRE  FRAGLA, N 370 CENTRO PETROLI            56300000                                                            000043
100000 000000000000 00090345100325490REGTIT30507141971617     0002020000005947907800000000002N           2  02000594790717041900000000158350000000099N181018000000000000000110000000000000000000000000000000000000000000000100002132922462MARIA  EMILIA  SANTOS  ARAUJO           RUA  PADRE  FRAGLA, N 370 CENTRO PETROLI            56300000                                                            000044
100000 000000000000 00090345100325490REGTIT30507173717452     0002020000005947651600000000002N           2  02000594765110031900000000091670000000099N161018000000000000000060000000000000000000000000000000000000000000000100031098550463MARIA  DO  CARMO  SILVA                 RUA  RIO  PAJEU, N 84 JOSE  E  MARIA PET            56300000                                                            000045
100000 000000000000 00090345100325490REGTIT30507499371576     0002020000005937942100000000002N           2  02000593794210031900000000106250000000099N180918000000000000000070000000000000000000000000000000000000000000000100009087153406ANA  PAULA  DE  ANDRADE                 RUA  C BLOCO SALVADOR, N 004 BERNARDINO             56300000                                                            000046
100000 000000000000 00090345100325490REGTIT30507642688370     0002020000005967166100000000002N           2  02000596716614031900000000034960000000099N141218000000000000000020000000000000000000000000000000000000000000000100003595782925SILMARA LUIZA DA SILVA                  PROJETADA A, 61 CENTRO OURIZONA PR                  87170000                                                            000047
100000 000000000000 00090345100325490REGTIT30507642688370     0002020000005967167P00000000002N           2  02000596716714041900000000034960000000099N141218000000000000000020000000000000000000000000000000000000000000000100003595782925SILMARA LUIZA DA SILVA                  PROJETADA A, 61 CENTRO OURIZONA PR                  87170000                                                            000048
100000 000000000000 00090345100325490REGTIT30507642688370     0002020000005967168800000000002N           2  02000596716814051900000000034960000000099N141218000000000000000020000000000000000000000000000000000000000000000100003595782925SILMARA LUIZA DA SILVA                  PROJETADA A, 61 CENTRO OURIZONA PR                  87170000                                                            000049
100000 000000000000 00090345100325490REGTIT30507775894237     0002020000005993244900000000002N           2  01000599324415041900000003956380000000099N150319000000000000002640000000000000000000000000000000000000000000000100034292590885ERASMO PEREIRA LEITE                    F SANCHES DIAS, 341 PLANALTO  SAO PAULO             04841190                                                            000050
100000 000000000000 00090345100325490REGTIT30507782476279     0002020000005993274000000000002N           2  01000599327429031900000000247000000000099N150319000000000000000160000000000000000000000000000000000000000000000213584182000137PANIFICADORA DOCE SABOR                 LAERTE FENELON, 2128 IPE SAO JOSE DOS PI            83055050                                                            000051
100000 000000000000 00090345100325490REGTIT30508249733911     0002020000005993232500000000002N           2  01000599323215041900000001000000000000099N150319000000000000000670000000000000000000000000000000000000000000000100009541320686GLADSON ALCANTARA FARIAS                ARIZONA, 117 PARQUE ORATÓRIO SANTO ANDRÉ            09250450                                                            000052
100000 000000000000 00090345100325490REGTIT30508490965291     0002020000005957355400000000002N           2  02000595735510031900000000120000000000099N161118000000000000000080000000000000000000000000000000000000000000000100000077619293ALESSANDRABARATA DE ANDRADE             SANTA ISABEL, 697 CRUZEIRO (ICOARACI) BE            66810090                                                            000053
100000 000000000000 00090345100325490REGTIT30508775579432     0002020000005984119200000000002N           2  02000598411912031900000000100000000000099N090219000000000000000070000000000000000000000000000000000000000000000100056397666115APARECIDO CRISTIANO DE JESUS SILVA      QR415 CONJ08 CASA, 21 PROPIO  NORTE SAMA            72323008                                                            000054
100000 000000000000 00090345100325490REGTIT30508885239114     0002020000005975425700000000002N           2  02000597542515031900000000112500000000099N120119000000000000000080000000000000000000000000000000000000000000000100083473530182MANOEL ARLINDO PEREIRA                  QR 415 CONJ 15 CS 41, 41 CS 41 SAMAMBAIA            70000000                                                            000055
100000 000000000000 00090345100325490REGTIT30509216660463     0002020000005975932100000000002N           2  02000597593217031900000000062900000000099N160119000000000000000040000000000000000000000000000000000000000000000100074486837991LUCIMAR FATIMA CALVO                    ARITA, 1530 CENTRO OURIZONA PR                      87170000                                                            000056
100000 000000000000 00090345100325490REGTIT30509480323692     0002020000005993235P00000000002N           2  01000599323515041900000000051650000000099N150319000000000000000030000000000000000000000000000000000000000000000100003595782925SILMARA LUIZA DA SILVA                  PROJETADA A, 61 CENTRO OURIZONA PR                  87170000                                                            000057
100000 000000000000 00090345100325490REGTIT30509582068564     0002020000005985101500000000002N           2  02000598510116031900000000275000000000099N160219000000000000000180000000000000000000000000000000000000000000000100062481991915ELZA SALVAGNINI SILVA                   AGUAS DE SAO PEDRO, 484 SAO JOAQUIM SBO             13450000                                                            000058
100000 000000000000 00090345100325490REGTIT30509678954026     0002020000005984916900000000002N           2  02000598491615031900000000050000000000099N150219000000000000000030000000000000000000000000000000000000000000000100000755382102CLEONICE SARAIVA DA SILVA               QR 415 CONJ 09 CASA, 4 SAMAMBAIA BRASILI            72323009                                                            000059
100000 000000000000 00090345100325490REGTIT30509734086100     0002020000005947101800000000002N           2  02000594710108031900000000265000000000099N111018000000000000000180000000000000000000000000000000000000000000000100069608717434EDINILDA GUIMARAES DE SOUZA             RUA: 29, 50 PROJETO MARIA TEREZA KM 25 P            56300000                                                            000060
100000 000000000000 00090345100325490REGTIT30509897625520     0002020000005976120200000000002N           2  02000597612017031900000000096500000000099N170119000000000000000060000000000000000000000000000000000000000000000100035949651987NELSON PEDRO BATHEKE                    DOMINGOS AGABITO BUDEL, 221 BUTIATUVINHA            82400390                                                            000061
9                                                                                                                                                                                                                                                                                                                                                                                                         000062