01REMESSA01COBRANCA       00000000000004852239ISPCN                         237BRADESCO       070319        MX0002979                                                                                                                                                                                                                                                                                     000001
100000 000000000000 00090345100325490REGTIT29791143175855     0002020000005978259500000000002N           2  02000597825902031900000002171170000000099N020219000000000000001450000000000000000000000000000000000000000000000100039975469833NATHAN SCHMICKLER                       JOSE VICTOR VIEIRA, 274 A CENTRO JUQUITI            06950000                                                            000002
100000 000000000000 00090345100325490REGTIT29791298833485     0002020000005948767400000000002N           2  02000594876710031900000000272000000000099N241018000000000000000180000000000000000000000000000000000000000000000100028037880206PAULO NAZARENO DOS REISN GAIA           TITO FRANCO, 20 SAO JOAO DO OUTEIRO (OUT            66840095                                                            000003
100000 000000000000 00090345100325490REGTIT29791546199826     0002020000005975940200000000002N           2  02000597594005031900000000170000000000099N160119000000000000000110000000000000000000000000000000000000000000000100074714520210RAIMUNDO CAMPOS BARBOSA                 RUA MAGALHAES BARATA, 110, 110 COTIJUBA             66846001                                                            000004
100000 000000000000 00090345100325490REGTIT29791772965494     0002020000005978337000000000002N           2  02000597833705031900000000051870000000099N040219000000000000000030000000000000000000000000000000000000000000000100010071409920MARCELO HENRIQUE DA SILVA               BELA VISTA, 0 CENTRO OURIZONA PR                    87170000                                                            000005
100000 000000000000 00090345100325490REGTIT29791782930095     0002020000005957350300000000002N           2  02000595735005031900000000220000000000099N161118000000000000000150000000000000000000000000000000000000000000000100083364692220SHIRLEY RODRIGUES DA SILVA              L 1 CONJUNTO PARACURI, 10 ICOARACI BELEM            66823010                                                            000006
100000 000000000000 00090345100325490REGTIT29792490670403     0002020000005978248P00000000002N           2  02000597824801031900000000107200000000099N010219000000000000000070000000000000000000000000000000000000000000000100035949651987NELSON PEDRO BATHEKE                    DOMINGOS AGABITO BUDEL, 221 BUTIATUVINHA            82400390                                                            000007
100000 000000000000 00090345100325490REGTIT29792531356943     0002020000005986709400000000002N           2  01000598670907031900000000350000000000099N070319000000000000000230000000000000000000000000000000000000000000000230581288000104DISTRIBUIDORA DE BEBIDAS IMPERIAL EIRELISANT ANA DO ITARARE, 985 SITIO CERCADO C            81920150                                                            000008
100000 000000000000 00090345100325490REGTIT29793169207399     0002020000005911321900000000002N           2  02000591132110031900000000070000000000099N070718000000000000000090000000000000000000000000000000000000000000000100006571265192NILTON CESAR SOUSA PEREIRA              RUA PEDRO DE OLIVEIRA QD 08 LT 05 SERRA             74970000                                                            000009
100000 000000000000 00090345100325490REGTIT29793223393898     0002020000005977413400000000002N           2  02000597741310031900000000179000000000099N250119000000000000000120000000000000000000000000000000000000000000000100011131942000MARINA DE FATIMA ALMEIDA COSTA          RUA COLTINGA QD07 LT46, 0 QD07 LT46 COLI            74970000                                                            000010
100000 000000000000 00090345100325490REGTIT29793237033432     0002020000005966123200000000002N           2  02000596612310031900000000050260000000099N081218000000000000000030000000000000000000000000000000000000000000000100008867173960GESSICA ALINE CARUZO                    ARITA, 880 CASA CENTRO OURIZONA PR                  87170000                                                            000011
100000 000000000000 00090345100325490REGTIT29793729740335     0002020000005986710800000000002N           2  01000598671030041900000000200000000000099N070319000000000000000130000000000000000000000000000000000000000000000100061070840297ELIO JUNIOR DA SILVA COSTA              L5, 188 COHAB BELÉM PA                              66813690                                                            000012
100000 000000000000 00090345100325490REGTIT29793755768247     0002020000005956829100000000002N           2  02000595682901031900000000070000000000099N121118000000000000000050000000000000000000000000000000000000000000000100056245947472HERMANO DOS SANTOS                      RUA RIACHO DO MEL, 14 JOSE MARIA  PETROL            56300000                                                            000013
100000 000000000000 00090345100325490REGTIT29794226017966     0002020000005969289800000000002N           2  02000596928910031900000000022160000000099N030119000000000000000010000000000000000000000000000000000000000000000100008867173960GESSICA ALINE CARUZO                    ARITA, 880 CASA CENTRO OURIZONA PR                  87170000                                                            000014
100000 000000000000 00090345100325490REGTIT29794237266311     0002020000005925986800000000002N           2  02000592598609031900000000040050000000099N090818000000000000000030000000000000000000000000000000000000000000000100008867173960GESSICA ALINE CARUZO                    ARITA, 880 CASA CENTRO OURIZONA PR                  87170000                                                            000015
100000 000000000000 00090345100325490REGTIT29794404063071     0002020000005968742800000000002N           2  02000596874210031900000000170000000000099N261218000000000000000110000000000000000000000000000000000000000000000100000568262220WANDERSON DE SOUZA CHAVES               SANTOS DOS SANTOS, 134 TAPANA (ICOARACI)            66825620                                                            000016
100000 000000000000 00090345100325490REGTIT29794603062358     0002020000005967329P00000000002N           2  02000596732915021900000000042670000000099N151218000000000000000030000000000000000000000000000000000000000000000100003917276992ROSALINA MARIN DE CAMARGO               BELA VISTA, 1647 CENTRO OURIZONA PR                 87170000                                                            000017
100000 000000000000 00090345100325490REGTIT29794603062358     0002020000005967330300000000002N           2  02000596733015031900000000042670000000099N151218000000000000000030000000000000000000000000000000000000000000000100003917276992ROSALINA MARIN DE CAMARGO               BELA VISTA, 1647 CENTRO OURIZONA PR                 87170000                                                            000018
100000 000000000000 00090345100325490REGTIT29795443477622     0002020000005917142100000000002N           2  02000591714213031900000000041130000000099N130718000000000000000030000000000000000000000000000000000000000000000100044769466153NELSON DE OLIVEIRA                      100 ALQUEIRES, 0 ZONA RURAL OURIZONA PR             87170000                                                            000019
100000 000000000000 00090345100325490REGTIT29795559749719     0002020000005946704500000000002N           2  02000594670410031900000000068860000000099N091018000000000000000050000000000000000000000000000000000000000000000100044769466153NELSON DE OLIVEIRA                      100 ALQUEIRES, 0 ZONA RURAL OURIZONA PR             87170000                                                            000020
100000 000000000000 00090345100325490REGTIT29795788222257     0002020000005927726200000000002N           2  02000592772615021900000000108350000000099N200818000000000000000070000000000000000000000000000000000000000000000100003014283444UMBERLANDIA MARCOS DOS SANTOS           SOBRADINHO, 245 JOSÉ MARIA  PETROLINA  P            56300000                                                            000021
100000 000000000000 00090345100325490REGTIT29795975702524     0002020000005966443600000000002N           2  02000596644307031900000000490000000000099N111218000000000000000820000000000000000000000000000000000000000000000100000370102800GIVAR XAVIER DO NASCIMENTO              ,  BAIRRO ALTO CURITIBA PR                          82820090                                                            000022
100000 000000000000 00090345100325490REGTIT29797307069458     0002020000005948464000000000002N           2  02000594846422021900000000325000000000099N221018000000000000000220000000000000000000000000000000000000000000000100041196603898LAIS FERNANDO GOMES                     HERMES DA FONSECA, 213 JD ITAMARATI SANT            13450000                                                            000023
100000 000000000000 00090345100325490REGTIT29798081524028     0002020000005869444700000000002N           2  02000586944410021900000000100000000000099N100318000000000000000070000000000000000000000000000000000000000000000100050460242172ROSARIA PEREIRA DOS SANTOS              PORTO RICO ETAPA CENTRO QD 03 LOTE, 15 S            72504003                                                            000024
100000 000000000000 00090345100325490REGTIT29798269034561     0002020000005966478900000000002N           2  02000596647810031900000000072800000000099N111218000000000000000050000000000000000000000000000000000000000000000100044769466153NELSON DE OLIVEIRA                      100 ALQUEIRES, 0 ZONA RURAL OURIZONA PR             87170000                                                            000025
100000 000000000000 00090345100325490REGTIT29798307268218     0002020000005900664100000000002N           2  02000590066428021900000000046000000000099N010618000000000000000030000000000000000000000000000000000000000000000100002020697459OZENI ROQUE DA SILVA                    RUA 14, 31 JOÃO DE DEUS  PETROLINA PE               56300000                                                            000026
100000 000000000000 00090345100325490REGTIT29798307268218     0002020000005900665P00000000002N           2  02000590066528031900000000046000000000099N010618000000000000000030000000000000000000000000000000000000000000000100002020697459OZENI ROQUE DA SILVA                    RUA 14, 31 JOÃO DE DEUS  PETROLINA PE               56300000                                                            000027
100000 000000000000 00090345100325490REGTIT29799077754273     0002020000005947190500000000002N           2  02000594719010021900000000150000000000099N111018000000000000000100000000000000000000000000000000000000000000000100002195644427ROSILDA BARBOSA DE CARVALHO             RUA 04, 310 B ANTONIO CASSIMIRO  PETROLI            56300000                                                            000028
100000 000000000000 00090345100325490REGTIT29799160407893     0002020000005947636200000000002N           2  02000594763608021900000000133750000000099N161018000000000000000090000000000000000000000000000000000000000000000100054094925449REGINALDO FERREIRA DE SOUZA             RUA CAMPINA DA TABOTA, 410 GERCINO COELH            56300000                                                            000029
9                                                                                                                                                                                                                                                                                                                                                                                                         000030