01REMESSA01COBRANCA       00000000000004852239ISPCN                         237BRADESCO       040319        MX0002946                                                                                                                                                                                                                                                                                     000001
100000 000000000000 00090345100325490REGTIT29461294791570     0002020000005959898000000000002N           2  02000595989820021900000000356800000000099N011218000000000000000240000000000000000000000000000000000000000000000100029143453805MARIA BERNADETE ALVES PONCIANO          DA COMUNIDADE (VL S PEDRO), 17 MONTANHAO            09784145                                                            000002
100000 000000000000 00090345100325490REGTIT29461370762582     0002020000005947613300000000002N           2  02000594761322021900000000148000000000099N161018000000000000000100000000000000000000000000000000000000000000000100046999021899RICARDO PAIVA SACHETTO                  PROFETA NEEMIAS, 277 JARDIM LAUDISSI SAN            13458078                                                            000003
100000 000000000000 00090345100325490REGTIT29461447599207     0002020000005958169700000000002N           2  02000595816921021900000000283330000000099N221118000000000000000190000000000000000000000000000000000000000000000100035637945888CRISTIANE DO NASCIMENTO                 CALIFORNIA, 102 JARDIM CIPRESTE SANTO AN            09171865                                                            000004
100000 000000000000 00090345100325490REGTIT29461961771916     0002020000005950448P00000000002N           2  02000595044822021900000000431630000000099N061118000000000000000290000000000000000000000000000000000000000000000100041731644833CAIO VICTOR DE ALMEIDA                  VINTE E NOVE DE JUNHO (VL S PEDRO), 29 M            09784415                                                            000005
100000 000000000000 00090345100325490REGTIT29462138512589     0002020000005985485500000000002N           2  02000598548513031900000000135950000000099N190219000000000000000090000000000000000000000000000000000000000000000100004922701982THAYS BERNARDES                         EDUARDO BONJEAN, 130 UVARANAS PONTA GROS            84030010                                                            000006
100000 000000000000 00090345100325490REGTIT29462152091852     0002020000005946771100000000002N           2  02000594677110021900000000038550000000099N101018000000000000000030000000000000000000000000000000000000000000000100006737852971DYEIME MORAES PAZ                       SAO VICENTE, 654 CENTRO OURIZONA PR                 87170000                                                            000007
100000 000000000000 00090345100325490REGTIT29462152091852     0002020000005946772P00000000002N           2  02000594677210031900000000038550000000099N101018000000000000000030000000000000000000000000000000000000000000000100006737852971DYEIME MORAES PAZ                       SAO VICENTE, 654 CENTRO OURIZONA PR                 87170000                                                            000008
100000 000000000000 00090345100325490REGTIT29462226685326     0002020000005966928400000000002N           2  02000596692806021900000000213600000000099N131218000000000000000140000000000000000000000000000000000000000000000100017235589825IVANILDE LOPES DA SILVA                 UNIAO (VL S PEDRO), 15 MONTANHAO SAO BER            09784460                                                            000009
100000 000000000000 00090345100325490REGTIT29462230865826     0002020000005970303200000000002N           2  02000597030310031900000000140000000000099N110119000000000000000090000000000000000000000000000000000000000000000100007445396845MARIA HELENA RICARTE TEIXEIRA           DOM MANUEL, 74 VILA SANTA TEREZINHA SANT            13451022                                                            000010
100000 000000000000 00090345100325490REGTIT29462298021916     0002020000005977645500000000002N           2  02000597764505031900000000207140000000099N280119000000000000000140000000000000000000000000000000000000000000000100009422107946GEREMIAS GONCALVES DOS SANTOS           JOAQUIM BERTHOLDI, 235 CASA CAMPO DE SAN            81490418                                                            000011
100000 000000000000 00090345100325490REGTIT29462906614488     0002020000005976174100000000002N           2  02000597617421021900000000173520000000099N180119000000000000000120000000000000000000000000000000000000000000000100010754356841MARIA DE FATIMA SILVA OLIVEIRA          DOS PASSAROS (VL S PEDRO), 155 MONTANHAO            09784060                                                            000012
100000 000000000000 00090345100325490REGTIT29463037391602     0002020000005976167900000000002N           2  02000597616710021900000000162030000000099N180119000000000000000110000000000000000000000000000000000000000000000100083647104868MANOEL RAIMUNDO DOS SANTOS              MANOEL GUSMAO FONTES (VL S PEDRO), 29 MO            09784370                                                            000013
100000 000000000000 00090345100325490REGTIT29463050070620     0002020000005966697800000000002N           2  02000596669712021900000000083330000000099N121218000000000000000060000000000000000000000000000000000000000000000100071889167134NILDES NUNES DA CRUS RIBEIRO            NOSSA SENHORA APARECIDA, 726 AGUACU  CUI            78000000                                                            000014
100000 000000000000 00090345100325490REGTIT29463549720748     0002020000005976041900000000002N           2  02000597604117021900000000262470000000099N170119000000000000000170000000000000000000000000000000000000000000000100035637945888CRISTIANE DO NASCIMENTO                 CALIFORNIA, 102 JARDIM CIPRESTE SANTO AN            09171865                                                            000015
100000 000000000000 00090345100325490REGTIT29463622640458     0002020000005985751P00000000002N           2  02000598575110031900000000100000000000099N220219000000000000000070000000000000000000000000000000000000000000000100013262031852DANIEL SERAPIAO DA ROCHA                RUA BRUNO BERTOLDI, 369  SOBRADO 01 CAMP            81490374                                                            000016
100000 000000000000 00090345100325490REGTIT29463834058998     0002020000005950785300000000002N           2  02000595078515021900000000257600000000099N071118000000000000000170000000000000000000000000000000000000000000000100004994601895GERALDO EUSEBIO                         SAO ROQUE (VL S PEDRO), 44 MONTANHAO SAO            09784310                                                            000017
100000 000000000000 00090345100325490REGTIT29464106098864     0002020000005960019500000000002N           2  02000596001907021900000000321030000000099N031218000000000000000210000000000000000000000000000000000000000000000100040057576858DAYANE MANOEL SILVA                     NELSON MANDELA (VL S PEDRO), 330 MONTANH            09784105                                                            000018
100000 000000000000 00090345100325490REGTIT29464366336315     0002020000005960520000000000002N           2  02000596052010021900000000134170000000099N051218000000000000000090000000000000000000000000000000000000000000000100045017941860IRACI DE JESUS SANTOS                   VINTE E OITO DE ABRIL (VL S PEDRO), 03 M            09784515                                                            000019
100000 000000000000 00090345100325490REGTIT29464521004205     0002020000005947106900000000002N           2  02000594710615021900000000220000000000099N111018000000000000000150000000000000000000000000000000000000000000000100049599801172JOVINA LARA E SILVA                     VASCO DA GAMA, S/N LOTEAMENTO TRES PODER            78005150                                                            000020
100000 000000000000 00090345100325490REGTIT29464671654754     0002020000005900902000000000002N           2  02000590090206021900000000170000000000099N020618000000000000000110000000000000000000000000000000000000000000000100086826204800APARECIDO PEREIRA DA SILVA              CHACARA, CASA 11 CONDOMINIO MOREIRA II S            13450000                                                            000021
100000 000000000000 00090345100325490REGTIT29464752754506     0002020000005938049700000000002N           2  02000593804910021900000000372990000000099N190918000000000000000250000000000000000000000000000000000000000000000100037826376823UALAS AZEVÊDO RIBEIRO                   VINTE E OITO DE ABRIL (VL S PEDRO), 48 M            09784515                                                            000022
100000 000000000000 00090345100325490REGTIT29464752754506     0002020000005938050000000000002N           2  02000593805010031900000000372990000000099N190918000000000000000250000000000000000000000000000000000000000000000100037826376823UALAS AZEVÊDO RIBEIRO                   VINTE E OITO DE ABRIL (VL S PEDRO), 48 M            09784515                                                            000023
100000 000000000000 00090345100325490REGTIT29464752754506     0002020000005938051900000000002N           2  02000593805110041900000000372990000000099N190918000000000000000250000000000000000000000000000000000000000000000100037826376823UALAS AZEVÊDO RIBEIRO                   VINTE E OITO DE ABRIL (VL S PEDRO), 48 M            09784515                                                            000024
100000 000000000000 00090345100325490REGTIT29465603815077     0002020000005947426200000000002N           2  02000594742615031900000000272000000000099N151018000000000000000180000000000000000000000000000000000000000000000100032814860100ELZA MARIA PINHEIRO                     10, 15 QD E1 SETOR E COXIPO CUIABA MT               78099000                                                            000025
100000 000000000000 00090345100325490REGTIT29465624570101     0002020000005977771000000000002N           2  02000597777125021900000000405670000000099N290119000000000000000270000000000000000000000000000000000000000000000100078456258687VALDEIR JOSE DE ARAUJO                  SOLEDADE (PQ HAWAI), 40 ALVES DIAS SAO B            09852760                                                            000026
100000 000000000000 00090345100325490REGTIT29465816220872     0002020000005978255200000000002N           2  02000597825507021900000000250000000000099N020219000000000000000170000000000000000000000000000000000000000000000100037966468836ADRIELLE JORGE MORE                     DOM PEDRO DE ALCANTARA VL S PEDRO, 565 C            09784000                                                            000027
100000 000000000000 00090345100325490REGTIT29465816220872     0002020000005978256000000000002N           2  02000597825620021900000000250000000000099N020219000000000000000170000000000000000000000000000000000000000000000100037966468836ADRIELLE JORGE MORE                     DOM PEDRO DE ALCANTARA VL S PEDRO, 565 C            09784000                                                            000028
100000 000000000000 00090345100325490REGTIT29465816220872     0002020000005978257900000000002N           2  02000597825707031900000000250000000000099N020219000000000000000170000000000000000000000000000000000000000000000100037966468836ADRIELLE JORGE MORE                     DOM PEDRO DE ALCANTARA VL S PEDRO, 565 C            09784000                                                            000029
100000 000000000000 00090345100325490REGTIT29465816220872     0002020000005978258700000000002N           2  02000597825820031900000000250000000000099N020219000000000000000170000000000000000000000000000000000000000000000100037966468836ADRIELLE JORGE MORE                     DOM PEDRO DE ALCANTARA VL S PEDRO, 565 C            09784000                                                            000030
100000 000000000000 00090345100325490REGTIT29466002497122     0002020000005976014100000000002N           2  02000597601410031900000000050000000000099N170119000000000000000030000000000000000000000000000000000000000000000100033592643800ANA PAULA AP CAMPOS                     VALENCIA, 155 BL 22 APT 403 JARDIM BERTO            13478779                                                            000031
100000 000000000000 00090345100325490REGTIT29466058336405     0002020000005938131000000000002N           2  02000593813119021900000000308010000000099N190918000000000000000210000000000000000000000000000000000000000000000100074268740449AUGUSTO ARRUDA DO NASCIMENTO            PRIMEIRO DE MAIO (VL S PEDRO), 114 MONTA            09784375                                                            000032
100000 000000000000 00090345100325490REGTIT29466165844905     0002020000005975380300000000002N           2  02000597538010021900000000240000000000099N120119000000000000000160000000000000000000000000000000000000000000000100055312381349ELIANA LOPES DA SILVA                   ALTO DA BELA VISTA (AT BELA VISTA), 56 M            09784260                                                            000033
100000 000000000000 00090345100325490REGTIT29466280203660     0002020000005969860800000000002N           2  02000596986008031900000000281750000000099N090119000000000000000190000000000000000000000000000000000000000000000100037118977896ALEXANDRE DE JESUS EUSEBIO              SAO ROQUE (VL S PEDRO), 44 MONTANHAO SAO            09784310                                                            000034
100000 000000000000 00090345100325490REGTIT29466380959951     0002020000005976146600000000002N           2  02000597614610021900000000351000000000099N180119000000000000000230000000000000000000000000000000000000000000000100083647104868MANOEL RAIMUNDO DOS SANTOS              MANOEL GUSMAO FONTES (VL S PEDRO), 29 MO            09784370                                                            000035
100000 000000000000 00090345100325490REGTIT29466542719006     0002020000005939283500000000002N           2  02000593928325021900000000517500000000099N260918000000000000000350000000000000000000000000000000000000000000000100034478343829ELIANE NOVAIS DA SILVA                  DAS FOLHAS (VL ESPERANCA), 62 MONTANHAO             09783470                                                            000036
100000 000000000000 00090345100325490REGTIT29466764765737     0002020000005916432800000000002N           2  02000591643220021900000000191660000000099N100718000000000000000130000000000000000000000000000000000000000000000100011763333809VITALINA SANTOS SILVA                   GUILHERME LORICCHIO, 6 PARQUE FERNANDA S            05889290                                                            000037
100000 000000000000 00090345100325490REGTIT29466833657452     0002020000005978249800000000002N           2  02000597824906031900000000155000000000099N010219000000000000000100000000000000000000000000000000000000000000000100001085754898ANTONIO CAVALCANTE DE LIMA              ANA LUCIA DE AMICIS, 579 JARDIM VERA CRU            04965020                                                            000038
100000 000000000000 00090345100325490REGTIT29467134435752     0002020000005966487800000000002N           2  02000596648706021900000000135600000000099N111218000000000000000090000000000000000000000000000000000000000000000100022312456800ANA CELIA DA SILVA DIAS                 SAO JOSE (VL S PEDRO), 32 MONTANHAO SAO             09784465                                                            000039
100000 000000000000 00090345100325490REGTIT29468693804993     0002020000005959977400000000002N           2  02000595997710021900000000518000000000099N031218000000000000000350000000000000000000000000000000000000000000000100029870195806JOSE CARLOS DE LIMA                     DOS AMIGOS (VL S PEDRO), 05 MONTANHAO SA            09784175                                                            000040
100000 000000000000 00090345100325490REGTIT29468733061013     0002020000005947893400000000002N           2  02000594789310021900000000360000000000099N181018000000000000000240000000000000000000000000000000000000000000000100010287562409FRANCISCA MARIA MENDES SALES            CALIFORNIA, 90 JARDIM CIPRESTE SANTO AND            09171865                                                            000041
100000 000000000000 00090345100325490REGTIT29468969997945     0002020000005966945400000000002N           2  02000596694522021900000000322670000000099N131218000000000000000220000000000000000000000000000000000000000000000100045703645867GUILHERME DE OLIVEIRA SANTOS            BANDEIRANTES (VL S PEDRO), 02 MONTANHAO             09784365                                                            000042
100000 000000000000 00090345100325490REGTIT29469245475203     0002020000005968337600000000002N           2  02000596833721021900000000194500000000099N211218000000000000000130000000000000000000000000000000000000000000000100028492973803ROMARIO SOUZA NEVES                     MARIA ERMINIA DE JESUS (VL S PEDRO), 55             09784420                                                            000043
100000 000000000000 00090345100325490REGTIT29469263473057     0002020000005940135400000000002N           2  02000594013515031900000000250000000000099N011018000000000000000170000000000000000000000000000000000000000000000100041699848890CARLA MARIA DE ANDRADE                  PERNAMBUCO, 461 VILA BRASIL SANTA BARBAR            13451074                                                            000044
100000 000000000000 00090345100325490REGTIT29469338539056     0002020000005977137200000000002N           2  02000597713710031900000000301160000000099N240119000000000000000200000000000000000000000000000000000000000000000100043412265845LUCAS VINICIUS DE ALMEIDA               DOM PEDRO DE ALCANTARA (VL S PEDRO), 306            09784000                                                            000045
100000 000000000000 00090345100325490REGTIT29469644417862     0002020000005978019300000000002N           2  02000597801928021900000000275000000000099N310119000000000000000180000000000000000000000000000000000000000000000100033848138808RENAN FERNANDES DA SILVA                PRINCESA ISABEL (VL S PEDRO), 12 MONTANH            09784450                                                            000046
100000 000000000000 00090345100325490REGTIT29469774573350     0002020000005977150P00000000002N           2  02000597715021021900000000163800000000099N240119000000000000000110000000000000000000000000000000000000000000000100040628067895AILA MAIANE SOUSA CRUZ                  RESENDE (VL S PEDRO), 02 MONTANHAO SAO B            09784435                                                            000047
9                                                                                                                                                                                                                                                                                                                                                                                                         000048