01REMESSA01COBRANCA       00000000000004852239ISPCN                         237BRADESCO       220319        MX0003101                                                                                                                                                                                                                                                                                     000001
100000 000000000000 00090345100325490REGTIT31012745207241     0002020000005978529200000000002N           2  02000597852905031900000000148000000000099N050219000000000000000200000000000000000000000000000000000000000000000100072082801853FIRMINA CASEMIRA DA SILVA               JAO QD 36 LT 43, s|n QD 36 LT 43 COLINA             74970000                                                            000002
100000 000000000000 00090345100325490REGTIT31013037380414     0002020000005960093400000000002N           2  02000596009310031900000000150000000000099N031218000000000000000200000000000000000000000000000000000000000000000100027679872864SUELY PEREIRA                           PARANAGUA, 142 CASA AMADOR BUENO ITAPEVI            06680390                                                            000003
100000 000000000000 00090345100325490REGTIT31013397536944     0002020000005994839600000000002N           2  01000599483910041900000000170000000000099N220319000000000000000110000000000000000000000000000000000000000000000100039130908191OSDIVALDO BARABOSA DA SILVA             ,  CENTRO NAVIRAI MS                                79950000                                                            000004
100000 000000000000 00090345100325490REGTIT31013397536944     0002020000005994840P00000000002N           2  01000599484010051900000000170000000000099N220319000000000000000110000000000000000000000000000000000000000000000100039130908191OSDIVALDO BARABOSA DA SILVA             ,  CENTRO NAVIRAI MS                                79950000                                                            000005
100000 000000000000 00090345100325490REGTIT31014197554182     0002020000005994779900000000002N           2  01000599477918041900000000416670000000099N220319000000000000000280000000000000000000000000000000000000000000000100017745193729LUANA DE ALMEIDA FIGUEIREDO             RUA SAO MARCELO, 35 PROJAC CURICICA RIO             22780300                                                            000006
100000 000000000000 00090345100325490REGTIT31014197554182     0002020000005994780200000000002N           2  01000599478018051900000000416670000000099N220319000000000000000280000000000000000000000000000000000000000000000100017745193729LUANA DE ALMEIDA FIGUEIREDO             RUA SAO MARCELO, 35 PROJAC CURICICA RIO             22780300                                                            000007
100000 000000000000 00090345100325490REGTIT31014224998003     0002020000005966045700000000002N           2  02000596604507031900000000320000000000099N081218000000000000000430000000000000000000000000000000000000000000000100004139173122JESSICA PEREIRA DE LIMA SENA            RUA 24 QD 15 LT 17, S|N QD15 LT 17 SETOR            74970000                                                            000008
100000 000000000000 00090345100325490REGTIT31015546632640     0002020000005994849300000000002N           2  01000599484926031900000000108000000000099N220319000000000000000000000000000000000000000000000000000000000000000100030721852807IVONETE FABIANE GODOI                   RUA ARAPONGAS, 1013 CAPELA VELHA ARAUCAR            83706160                                                            000009
100000 000000000000 00090345100325490REGTIT31015570973298     0002020000005927839000000000002N           2  02000592783920031900000000090000000000099N210818000000000000000060000000000000000000000000000000000000000000000100070817310401GABRIELA  BEZERRA  DA  SILVA            RUA  05, N 120 PORTO  DA  ILHA PETROLINA            56300000                                                            000010
100000 000000000000 00090345100325490REGTIT31016383064587     0002020000005994805100000000002N           2  01000599480515041900000000265000000000099N220319000000000000000180000000000000000000000000000000000000000000000100090127595104ROGERIO APARECIDO RIBEIRO               DAMASIO DE SOLZA, 805 CENTRO NAVIRAI MS             79950000                                                            000011
100000 000000000000 00090345100325490REGTIT31016383064587     0002020000005994806P00000000002N           2  01000599480615051900000000265000000000099N220319000000000000000180000000000000000000000000000000000000000000000100090127595104ROGERIO APARECIDO RIBEIRO               DAMASIO DE SOLZA, 805 CENTRO NAVIRAI MS             79950000                                                            000012
100000 000000000000 00090345100325490REGTIT31016441697656     0002020000005948451900000000002N           2  02000594845120031900000000081670000000099N221018000000000000000050000000000000000000000000000000000000000000000100000975949896NASCIMENTO  JOSE  DA  SILVA             RUA  17, N  17 QUATI  2 PETROLINA PE                56300000                                                            000013
100000 000000000000 00090345100325490REGTIT31016704749324     0002020000005978364800000000002N           2  02000597836405031900000000262000000000099N040219000000000000000170000000000000000000000000000000000000000000000100026988968172ANAIR XAVIER DE DEUS                    ARACARI, 0 Q 50 LT 14 CASA 2 COLINA AZUL            74909000                                                            000014
100000 000000000000 00090345100325490REGTIT31016940414338     0002020000005994754300000000002N           2  01000599475420041900000000300000000000099N220319000000000000000200000000000000000000000000000000000000000000000100012244700798SAMIR FERREIRA BITTAR                   RUA ESPERANÇA, lote 54 QUADRA 39 B CAMPO            23097686                                                            000015
100000 000000000000 00090345100325490REGTIT31016940414338     0002020000005994755100000000002N           2  01000599475520051900000000300000000000099N220319000000000000000200000000000000000000000000000000000000000000000100012244700798SAMIR FERREIRA BITTAR                   RUA ESPERANÇA, lote 54 QUADRA 39 B CAMPO            23097686                                                            000016
100000 000000000000 00090345100325490REGTIT31017021390981     0002020000005986222P00000000002N           2  02000598622227031900000000415000000000099N270219000000000000000550000000000000000000000000000000000000000000000100097840840159RAIMUNDA LACERDA ARAUJO                 RUA 12 QD 18 LT 12, s|n Q15 LT22 INDEPEN            74967100                                                            000017
100000 000000000000 00090345100325490REGTIT31017669070180     0002020000005985508800000000002N           2  02000598550820031900000000071230000000099N200219000000000000000050000000000000000000000000000000000000000000000100002000716962MARIA VICENTE BARBOSA                   QUADRA 2 LOTE 13, LOTE13 BAIXADA DA AREI            87170000                                                            000018
100000 000000000000 00090345100325490REGTIT31019078926402     0002020000005994788800000000002N           2  01000599478820041900000000416670000000099N220319000000000000000280000000000000000000000000000000000000000000000100017745193729LUANA DE ALMEIDA FIGUEIREDO             RUA SAO MARCELO, 35 PROJAC CURICICA RIO             22780300                                                            000019
100000 000000000000 00090345100325490REGTIT31019078926402     0002020000005994789600000000002N           2  01000599478920051900000000416670000000099N220319000000000000000280000000000000000000000000000000000000000000000100017745193729LUANA DE ALMEIDA FIGUEIREDO             RUA SAO MARCELO, 35 PROJAC CURICICA RIO             22780300                                                            000020
100000 000000000000 00090345100325490REGTIT31019129801856     0002020000005969823300000000002N           2  02000596982320031900000000154000000000099N080119000000000000000100000000000000000000000000000000000000000000000100025482177874NERON GAVIAO                            JOAO TONON, 886 VILA BELA GUARAPUAVA PR             85027050                                                            000021
9                                                                                                                                                                                                                                                                                                                                                                                                         000022