01REMESSA01COBRANCA       00000000000004852239ISPCN                         237BRADESCO       270319        MX0003137                                                                                                                                                                                                                                                                                     000001
100000 000000000000 00090345100325490REGTIT31371240224631     0002020000005995900200000000002N           2  01000599590010041900000000185000000000099N270319000000000000000120000000000000000000000000000000000000000000000100003627548965GISELE CRISTINA LAZARIN                 SANTA ANA, 99 CENTRO COLORADO PR                    86690000                                                            000002
100000 000000000000 00090345100325490REGTIT31371240224631     0002020000005995901000000000002N           2  01000599590110051900000000185000000000099N270319000000000000000120000000000000000000000000000000000000000000000100003627548965GISELE CRISTINA LAZARIN                 SANTA ANA, 99 CENTRO COLORADO PR                    86690000                                                            000003
100000 000000000000 00090345100325490REGTIT31371443441580     0002020000005937350400000000002N           2  02000593735013031900000000075000000000099N140918000000000000000050000000000000000000000000000000000000000000000100092721320530JOSÉ MARQUES BRANDÃO NETO               RUA 05, 10 JARDIM FLORIDA  JUAZEIRO  BA             56300000                                                            000004
100000 000000000000 00090345100325490REGTIT31372093113706     0002020000005995896000000000002N           2  01000599589627041900000000970000000000099N270319000000000000000650000000000000000000000000000000000000000000000100001871826470EDINALDO MANOEL ALVES                   RUA GAETANO PREVIATI, 616 3 LT A PARQUE             05878060                                                            000005
100000 000000000000 00090345100325490REGTIT31372359181100     0002020000005995899500000000002N           2  01000599589927041900000001080000000000099N270319000000000000000720000000000000000000000000000000000000000000000100039254966886VERONICA DA SILVA ROCHA                 TUIM, 485 VILA UBERABINHA SAO PAULO SP              04514101                                                            000006
100000 000000000000 00090345100325490REGTIT31372685581801     0002020000005995897900000000002N           2  01000599589725041900000000875000000000099N270319000000000000000580000000000000000000000000000000000000000000000201972861000102PANIFICADORA PAO E MEL                  DOLOVICO PISSAIA, 1396 AFONSO PENA SAO J            83050080                                                            000007
100000 000000000000 00090345100325490REGTIT31373464478651     0002020000005965859200000000002N           2  02000596585905031900000000120000000000099N071218000000000000000080000000000000000000000000000000000000000000000100002665712202ARIELLY CRISTINA DE ANDRADE SERRA       SANTA ISABEL, 697 CRUZEIRO (ICOARACI) BE            66810090                                                            000008
100000 000000000000 00090345100325490REGTIT31373500471611     0002020000005976856800000000002N           2  02000597685620031900000000145000000000099N220119000000000000000100000000000000000000000000000000000000000000000100091568757204CLAUDILEIA SIQUEIRA DA COSTA            SANTA MARIA, 7 TENONE BELEM PA                      66820240                                                            000009
100000 000000000000 00090345100325490REGTIT31373768560555     0002020000005995889800000000002N           2  01000599588927041900000002475000000000099N270319000000000000001650000000000000000000000000000000000000000000000100017777611828GILMARA ALVES FLORENCO                  AVENIDA CIDADE DE MAUA, 96 JARDIM ZAIRA             09321590                                                            000010
100000 000000000000 00090345100325490REGTIT31374075571517     0002020000005968091100000000002N           2  02000596809120031900000000440000000000099N201218000000000000000290000000000000000000000000000000000000000000000100017269059268HILDEMAR NAZARENO SOUZA BRITO           SANHACO (CJ BENJAMIM SODRE), Casa 3 PARQ            66635270                                                            000011
100000 000000000000 00090345100325490REGTIT31374464479378     0002020000005976518600000000002N           2  02000597651821031900000000250000000000099N210119000000000000000170000000000000000000000000000000000000000000000100070607966149ENIGSON PAULO DA SILVA MACEDO           QR1031 CONJ09 CASA40, 40 SAMAMBAIA NORTE            72000000                                                            000012
100000 000000000000 00090345100325490REGTIT31374587654893     0002020000005979057100000000002N           2  02000597905728031900000000045000000000099N080219000000000000000030000000000000000000000000000000000000000000000100025535442860MARIA JOSE MARTINS                      RUA DOZE, 101 JARDIM ALVORADA MONTE MOR             13190000                                                            000013
100000 000000000000 00090345100325490REGTIT31374669330823     0002020000005958888800000000002N           2  02000595888826031900000000109500000000099N261118000000000000000070000000000000000000000000000000000000000000000100046807853149PAULINA DOS SANTOS NERES                QR 417 CONJ 05 CS, 7 PROPRIA NORTE SAMAM            72000000                                                            000014
100000 000000000000 00090345100325490REGTIT31374859865316     0002020000005959187000000000002N           2  02000595918728021900000000122500000000099N281118000000000000000080000000000000000000000000000000000000000000000100005973028470CLEZILDA LAYS RODRIGUES DA COSTA        RUA FURNA, S|N PONTA DA SERRA PETROLINA             56300000                                                            000015
100000 000000000000 00090345100325490REGTIT31374986207145     0002020000005986129000000000002N           2  02000598612926031900000000088330000000099N260219000000000000000060000000000000000000000000000000000000000000000100091622972872AMARO SILVA LIMA                        ESTRADA DO GUAVIRUTUBA, 1320 VILA SANTA             04937000                                                            000016
100000 000000000000 00090345100325490REGTIT31375788552102     0002020000005995891P00000000002N           2  01000599589127041900000003500000000000099N270319000000000000002330000000000000000000000000000000000000000000000100061620726491JOSE RINALDO PEREIRA DA SILVA           RUA CAPITAO PEDRO RODRIGUES, 532 SAO JOS            55294310                                                            000017
100000 000000000000 00090345100325490REGTIT31376712891078     0002020000005995893600000000002N           2  01000599589327041900000001980000000000099N270319000000000000001320000000000000000000000000000000000000000000000100021719005800MARCOS ALVES CAETANO                    AVENIDA SABIN, 5 LOJA JARDIM AVENIDA SAO            05798000                                                            000018
100000 000000000000 00090345100325490REGTIT31376906776444     0002020000005957791600000000002N           2  02000595779120031900000000170000000000099N201118000000000000000110000000000000000000000000000000000000000000000100081844395200ELZIMARI RODRIGUES FIEL                 DAS PAMPOLAS  CONJUNTO: JARDIM RENASCENT            66825280                                                            000019
100000 000000000000 00090345100325490REGTIT31377260228022     0002020000005984591000000000002N           2  02000598459110031900000000264000000000099N130219000000000000000180000000000000000000000000000000000000000000000100083298584991AURO LEANDRO VAZ                        MANOEL MARASSATI, 77 SAO SEBASTIAO SAO J            83075178                                                            000020
100000 000000000000 00090345100325490REGTIT31377282528695     0002020000005959223000000000002N           2  02000595922328021900000000130000000000099N281118000000000000000090000000000000000000000000000000000000000000000100026417477827MARIA AP DE SOUZA SOARES                ANTONIO BATAGIN, 97 PARQUE ELDORADO SANT            13458469                                                            000021
100000 000000000000 00090345100325490REGTIT31377553346815     0002020000005950406400000000002N           2  02000595040615031900000000056250000000099N051118000000000000000040000000000000000000000000000000000000000000000100007455975481FRANCISCA LAIANE ALVES DA SILVA         19, 251 JARDIM GUANABARA  PETROLINA  PE             56300000                                                            000022
100000 000000000000 00090345100325490REGTIT31377561714752     0002020000005967172600000000002N           2  02000596717227031900000000044100000000099N141218000000000000000030000000000000000000000000000000000000000000000100008778073960ADAILTON DO NASCIMENTO MENEZES          PIONEIRO MIGUEL ELVIRA, 13 CONJ AMADO OU            87170000                                                            000023
100000 000000000000 00090345100325490REGTIT31377884163670     0002020000005995885500000000002N           2  01000599588527041900000000500000000000099N270319000000000000000330000000000000000000000000000000000000000000000100069447551491JOSE OLEGÁRIO DA SILVA                  TV. SALVADOR ALVES FERREIRA, 914 PARQUE             05887460                                                            000024
100000 000000000000 00090345100325490REGTIT31378908830558     0002020000005956773200000000002N           2  02000595677307031900000000161580000000099N121118000000000000000110000000000000000000000000000000000000000000000100082528020449RITA ANA RODRIGUES                      AVENIDA 2, 70 MANDACARU  PETROLINA  PE              56300000                                                            000025
100000 000000000000 00090345100325490REGTIT31379027209997     0002020000005995894400000000002N           2  01000599589425041900000000450000000000099N270319000000000000000300000000000000000000000000000000000000000000000272070337000186MERCADO ZARDO                           CAROLINA MANAFFES LIGOKI, 351 BARRO PRET            83015805                                                            000026
100000 000000000000 00090345100325490REGTIT31379780721060     0002020000005995887100000000002N           2  01000599588727041900000002970000000000099N270319000000000000001980000000000000000000000000000000000000000000000100058128077104PAULO ROGERIO CALDAS SAMPAIO            RUA RAMONA BARROSO FERNANDEZ, 110 CASA A            05790430                                                            000027
9                                                                                                                                                                                                                                                                                                                                                                                                         000028