01REMESSA01COBRANCA       00000000000004852239ISPCN                         237BRADESCO       190319        MX0003073                                                                                                                                                                                                                                                                                     000001
100000 000000000000 00090345100325490REGTIT30731323653293     0002020000005993899400000000002N           2  01000599389901041900000000241250000000099N190319000000000000000160000000000000000000000000000000000000000000000205353545001762NORMATEL ENGENHARIA LTDA                ELEOSINA PEREIRA DE QUEIROS MATOSO, 130             27940050                                                            000002
100000 000000000000 00090345100325490REGTIT30731444776774     0002020000005993898600000000002N           2  01000599389801041900000000360000000000099N190319000000000000000240000000000000000000000000000000000000000000000205353545001762NORMATEL ENGENHARIA LTDA                ELEOSINA PEREIRA DE QUEIROS MATOSO, 130             27940050                                                            000003
100000 000000000000 00090345100325490REGTIT30732005045223     0002020000005993903600000000002N           2  01000599390319041900000001920000000000099N190319000000000000001280000000000000000000000000000000000000000000000100036186009840JORGE HENRIQUE SOUZA DA SILVA           VICENZO CAMPI, 66 JARDIM AURELIO SAO PAU            05857470                                                            000004
100000 000000000000 00090345100325490REGTIT30732250646269     0002020000005968480100000000002N           2  02000596848028021900000000503750000000099N221218000000000000000340000000000000000000000000000000000000000000000100049832079888GABRIEL LEITE DA SILVA                  MARIA HENRIQUETA INACIO BAPTISTA, 315 JA            06775151                                                            000005
100000 000000000000 00090345100325490REGTIT30732250646269     0002020000005968481P00000000002N           2  02000596848130031900000000503750000000099N221218000000000000000340000000000000000000000000000000000000000000000100049832079888GABRIEL LEITE DA SILVA                  MARIA HENRIQUETA INACIO BAPTISTA, 315 JA            06775151                                                            000006
100000 000000000000 00090345100325490REGTIT30732258713220     0002020000005978983200000000002N           2  02000597898315031900000000188330000000099N070219000000000000000130000000000000000000000000000000000000000000000100061853712272CLAUDIA SENA REIS                       TRAVESSA N5, 397 A CAMPINA DE ICOARACI B            66813750                                                            000007
100000 000000000000 00090345100325490REGTIT30733453300384     0002020000005993914100000000002N           2  01000599391401041900000000120000000000099N190319000000000000000080000000000000000000000000000000000000000000000205353545001762NORMATEL ENGENHARIA LTDA                ELEOSINA PEREIRA DE QUEIROS MATOSO, 130             27940050                                                            000008
100000 000000000000 00090345100325490REGTIT30733619867294     0002020000005993907900000000002N           2  01000599390701041900000000711000000000099N190319000000000000000470000000000000000000000000000000000000000000000205353545001762NORMATEL ENGENHARIA LTDA                ELEOSINA PEREIRA DE QUEIROS MATOSO, 130             27940050                                                            000009
100000 000000000000 00090345100325490REGTIT30733757581909     0002020000005993909500000000002N           2  01000599390919041900000001500000000000099N190319000000000000001000000000000000000000000000000000000000000000000100090852400500JULIO CESAR NEVES DOS SANTOS            VINTE E CINCO DE JANEIRO, 76 JARDIM SAO             06775380                                                            000010
100000 000000000000 00090345100325490REGTIT30733805308908     0002020000005969876400000000002N           2  02000596987610031900000000148000000000099N090119000000000000000100000000000000000000000000000000000000000000000100078752434915ELIANA MARIANO DE OLIVEIRA              VENCESLAU BRAZ, 145 CONJUNTO HABITACIONA            13453189                                                            000011
100000 000000000000 00090345100325490REGTIT30734131190669     0002020000005969803900000000002N           2  02000596980308031900000000141670000000099N080119000000000000000090000000000000000000000000000000000000000000000100025801296859OSCAR SILGUEIRA FREIRE                  DEZESSETE, 135 PQ DO CAFE UM MONTE MOR S            13190000                                                            000012
100000 000000000000 00090345100325490REGTIT30734477991142     0002020000005900858P00000000002N           2  02000590085810031900000000179400000000099N020618000000000000000120000000000000000000000000000000000000000000000100020513409866ADRIANA MARTINS SALGADO                 EST SÃO FRANCISCO, 1041  AP 233 BL B JD             06764290                                                            000013
100000 000000000000 00090345100325490REGTIT30734660702165     0002020000005968150000000000002N           2  02000596815011031900000000277000000000099N201218000000000000000180000000000000000000000000000000000000000000000100025801296859OSCAR SILGUEIRA FREIRE                  DEZESSETE, 135 PQ DO CAFE UM MONTE MOR S            13190000                                                            000014
100000 000000000000 00090345100325490REGTIT30734861787478     0002020000005958569200000000002N           2  02000595856910031900000000060000000000099N241118000000000000000040000000000000000000000000000000000000000000000100046761489920JOAO CORREIA                            ATLAS, 940 CENTRO OURIZONA PR                       87170000                                                            000015
100000 000000000000 00090345100325490REGTIT30735221088818     0002020000005928239800000000002N           2  02000592823923021900000000108330000000099N230818000000000000000070000000000000000000000000000000000000000000000100024847344847GERLANDIO VIEIRA DE FREITAS             SAO LAZARO GLEBA 03 CASA 03 NUMERO 353,             72700000                                                            000016
100000 000000000000 00090345100325490REGTIT30735679393861     0002020000005993901P00000000002N           2  01000599390119041900000002000000000000099N190319000000000000001330000000000000000000000000000000000000000000000100008446042835JONATAS BARBOSA DE OLIVEIRA             LIMBANI, 325 JARDIM VALE DAS VIRTUDES SÃ            05796110                                                            000017
100000 000000000000 00090345100325490REGTIT30735795073476     0002020000005993910900000000002N           2  01000599391025031900000000106410000000099N190319000000000000000070000000000000000000000000000000000000000000000100042295354811LUCAS TERTO DA SILVA                    BENEDITO AFONSO SIQUEIRA, 246 PARQUE PIN            06766160                                                            000018
100000 000000000000 00090345100325490REGTIT30736321765151     0002020000005948811500000000002N           2  02000594881110031900000000100000000000099N241018000000000000000070000000000000000000000000000000000000000000000277624476000128IGREJA PENTECOSTAL UNIDA DO BRASIL DISTRR JOSE LOURENÇO PINTO, 48 - IGREJA,  PON            83209300                                                            000019
100000 000000000000 00090345100325490REGTIT30736670357758     0002020000005993858700000000002N           2  01000599385810031900000000100000000000099N190319000000000000000070000000000000000000000000000000000000000000000200963291000113IGREJA VISÃO MISSIONARIA                RUA PROFESSORA POMPILIA LOPES DOS SANTOS            81450740                                                            000020
100000 000000000000 00090345100325490REGTIT30736670357758     0002020000005993859500000000002N           2  01000599385910041900000000100000000000099N190319000000000000000070000000000000000000000000000000000000000000000200963291000113IGREJA VISÃO MISSIONARIA                RUA PROFESSORA POMPILIA LOPES DOS SANTOS            81450740                                                            000021
100000 000000000000 00090345100325490REGTIT30736670357758     0002020000005993860900000000002N           2  01000599386010051900000000100000000000099N190319000000000000000070000000000000000000000000000000000000000000000200963291000113IGREJA VISÃO MISSIONARIA                RUA PROFESSORA POMPILIA LOPES DOS SANTOS            81450740                                                            000022
100000 000000000000 00090345100325490REGTIT30736780585646     0002020000005993906000000000002N           2  01000599390619041900000003000000000000099N190319000000000000002000000000000000000000000000000000000000000000000100017958481896JURANDIR PEREIRA DA SILVA               HENRIQUE MOREIRA, 15 JARDIM IRACEMA SAO             05790300                                                            000023
100000 000000000000 00090345100325490REGTIT30737314954917     0002020000005969359200000000002N           2  02000596935915031900000000594500000000099N040119000000000000000400000000000000000000000000000000000000000000000100003219327141JULIANA OLIVEIRA DOS SANTOS             QUADRA 09 LOTE, 24  JARDIM BRASILIA AGUA            72915009                                                            000024
100000 000000000000 00090345100325490REGTIT30737511923271     0002020000005985043400000000002N           2  02000598504320031900000000230000000000099N160219000000000000000150000000000000000000000000000000000000000000000100028950007860SARA QUEIROZ RIBEIRO FELICIANO          ORLANDO CERCHIARE, 105 JARDIM VILA RICA             13453255                                                            000025
100000 000000000000 00090345100325490REGTIT30737512723700     0002020000005993896P00000000002N           2  01000599389619041900000001275000000000099N190319000000000000000850000000000000000000000000000000000000000000000100027145329859JOACY FURTUOSO CAVALCANTE               DO CAMPO LIMPO - ATÉ 3900 - LADO PAR, 11            05777000                                                            000026
100000 000000000000 00090345100325490REGTIT30737839707301     0002020000005928827200000000002N           2  02000592882725031900000000118750000000099N270818000000000000000080000000000000000000000000000000000000000000000100091397723149MADALENA  LAURA  DA  SILVA              RUA  48, N 260 JOAO  DE  DEUS PETROLINA             56300000                                                            000027
100000 000000000000 00090345100325490REGTIT30738590837307     0002020000005993913300000000002N           2  01000599391301041900000000480000000000099N190319000000000000000320000000000000000000000000000000000000000000000205353545001762NORMATEL ENGENHARIA LTDA                ELEOSINA PEREIRA DE QUEIROS MATOSO, 130             27940050                                                            000028
100000 000000000000 00090345100325490REGTIT30738864709374     0002020000005985201100000000002N           2  02000598520118031900000000201750000000099N180219000000000000000130000000000000000000000000000000000000000000000100010244805938CLEYTON MONTOLI                         JACKSON LUIZ PAVIN, 236 CASA 02 ROCA GRA            83402194                                                            000029
100000 000000000000 00090345100325490REGTIT30739153860844     0002020000005993912500000000002N           2  01000599391202041900000000499000000000099N190319000000000000000330000000000000000000000000000000000000000000000100006035327800MARCOS PASCOAL                          SANTO AGOSTINHO,, 79 LIBERDADE SAO PAULO            01533070                                                            000030
100000 000000000000 00090345100325490REGTIT30739638299706     0002020000005918793P00000000002N           2  02000591879320021900000000108000000000099N250718000000000000000070000000000000000000000000000000000000000000000100008637533884JAIRA CARLOS                            MARIO DANIEL, 80 ROCHELLE II SANTA BARBA            13450000                                                            000031
100000 000000000000 00090345100325490REGTIT30739980929208     0002020000005950991000000000002N           2  02000595099110031900000000080000000000099N071118000000000000000050000000000000000000000000000000000000000000000100084476710972LUCIANE MARIA SAUER                     BUGAVILE, 245 EUCALIPTOS III FAZENDA RIO            83820000                                                            000032
9                                                                                                                                                                                                                                                                                                                                                                                                         000033