01REMESSA01COBRANCA       00000000000004852239ISPCN                         237BRADESCO       120319        MX0003016                                                                                                                                                                                                                                                                                     000001
100000 000000000000 00090345100325490REGTIT30161456191539     0002020000005977015500000000002N           2  02000597701513021900000000203500000000099N230119000000000000000140000000000000000000000000000000000000000000000218149733000158GULA MANIA                              QUIRINO ZAGONEL, 1496 JD ITALIA BRAGA SA            83020250                                                            000002
100000 000000000000 00090345100325490REGTIT30162038668853     0002020000005968571900000000002N           2  02000596857124021900000000256000000000099N241218000000000000000170000000000000000000000000000000000000000000000100043201161861TALITA BEATRIZ DA SILVA DE ARAUJO       UM, 83 PQ. DO CAFE UM MONTE MOR SP                  13190000                                                            000003
100000 000000000000 00090345100325490REGTIT30165000370343     0002020000005987694800000000002N           2  01000598769405041900000000078400000000099N120319000000000000000050000000000000000000000000000000000000000000000100001800270933ELIANE CREOALDI                         RUA JOSE HEENANDES CABRERA, 462 JARDIM N            87190000                                                            000004
100000 000000000000 00090345100325490REGTIT30165000370343     0002020000005987693P00000000002N           2  01000598769305041900000000392000000000099N120319000000000000000000000000000000000000000000000000000000000000000100001800270933ELIANE CREOALDI                         RUA JOSE HEENANDES CABRERA, 462 JARDIM N            87190000                                                            000005
100000 000000000000 00090345100325490REGTIT30165000370343     0002020000005987695600000000002N           2  01000598769505051900000000078400000000099N120319000000000000000050000000000000000000000000000000000000000000000100001800270933ELIANE CREOALDI                         RUA JOSE HEENANDES CABRERA, 462 JARDIM N            87190000                                                            000006
100000 000000000000 00090345100325490REGTIT30165367544616     0002020000005987710300000000002N           2  01000598771012041900000000075000000000099N120319000000000000000050000000000000000000000000000000000000000000000100012851509616LUCAS PEREIRA SANTOS                    RUA DEZESSETE, 116 PAULISTA MONTE MOR SP            13190000                                                            000007
100000 000000000000 00090345100325490REGTIT30165389300986     0002020000005987700600000000002N           2  01000598770010041900000000056000000000099N120319000000000000000040000000000000000000000000000000000000000000000100008104126911BRUNA CARIZA DUTRA LEMOS                CAMPO GRANDE, 1800 CENTRO OURIZONA PR               87170000                                                            000008
100000 000000000000 00090345100325490REGTIT30165389300986     0002020000005987699900000000002N           2  01000598769912041900000000224000000000099N120319000000000000000000000000000000000000000000000000000000000000000100008104126911BRUNA CARIZA DUTRA LEMOS                CAMPO GRANDE, 1800 CENTRO OURIZONA PR               87170000                                                            000009
100000 000000000000 00090345100325490REGTIT30168379657136     0002020000005987706500000000002N           2  01000598770612041900000000114000000000099N120319000000000000000080000000000000000000000000000000000000000000000100009558847640RONILTOM DA SILVA SANTOS                RUA 39, 461 CASA PAULISTA MONTE MOR SP              13190000                                                            000010
9                                                                                                                                                                                                                                                                                                                                                                                                         000011