01REMESSA01COBRANCA       00000000000004852239ISPCN                         237BRADESCO       280319        MX0003140                                                                                                                                                                                                                                                                                     000001
100000 000000000000 00090345100325490REGTIT31402432293987     0002020000005995940100000000002N           2  01000599594028041900000001160000000000099N280319000000000000000770000000000000000000000000000000000000000000000100031963964870DANIELA SANTOS DE ARAUJO                AVENIDA JOSE RODRIGUES PIRES-   -, 550,             08752060                                                            000002
100000 000000000000 00090345100325490REGTIT31403027963418     0002020000005993393300000000002N           2  02000599339310041900000000348330000000099N160319000000000000000230000000000000000000000000000000000000000000000100093984642334RAIMUNDA PEREIRA SOUSA                  QUADRA 88 CONJ. A LOTE, 11 CS 18 COND SA            72925230                                                            000003
100000 000000000000 00090345100325490REGTIT31403376911340     0002020000005995942800000000002N           2  01000599594228041900000002600000000000099N280319000000000000001730000000000000000000000000000000000000000000000100030948822856ELIAS GONALVES DE SOUZA                 RUA JIM CLARK,32, 32 2 LT A PARQUE DOS B            03923165                                                            000004
100000 000000000000 00090345100325490REGTIT31404038828532     0002020000005995938P00000000002N           2  01000599593820051900000000464000000000099N280319000000000000000310000000000000000000000000000000000000000000000100008814211973EMANUELLE MUNHOZ MENDES                 RUA ACRE, 350 BLOCO 1| ANDAR 1 BONECA DO            83040030                                                            000005
100000 000000000000 00090345100325490REGTIT31404835344764     0002020000005986292000000000002N           2  02000598629205041900000000048570000000099N280219000000000000000030000000000000000000000000000000000000000000000100003140711999ANGELA MARIA DE SOUZA ROSADA            CAMPO GRANDE, 982 CENTRO OURIZONA PR                87170000                                                            000006
100000 000000000000 00090345100325490REGTIT31404974167595     0002020000005995931200000000002N           2  01000599593128041900000001800000000000099N280319000000000000001200000000000000000000000000000000000000000000000100002274064865MARCIA APARECIDA BASSO SOBRAL           RUA CELINA,, 150 AP 3 PARQUE WEY ITAPEVI            06657660                                                            000007
100000 000000000000 00090345100325490REGTIT31405274794068     0002020000005995935500000000002N           2  01000599593528041900000001500000000000099N280319000000000000001000000000000000000000000000000000000000000000000100014343094871APARECIDA ELOIA DA SILVA                RUA BONFIGLIOLI, 779 JARDIM SANTA TEREZA            06813080                                                            000008
100000 000000000000 00090345100325490REGTIT31406093705598     0002020000005995937100000000002N           2  01000599593728041900000001750000000000099N280319000000000000001170000000000000000000000000000000000000000000000100045286164838VINICIUS DOS SANTOS PEREIRA             CHAIA ZINGEREVITZ, 63 JARDIM GUARUJA SAO            05876030                                                            000009
100000 000000000000 00090345100325490REGTIT31408105746052     0002020000005995929000000000002N           2  01000599592928041900000003250000000000099N280319000000000000002170000000000000000000000000000000000000000000000100038873594883JOAO GABRIEL DE CARVALHO RIBEIRO DA SILVESTRADA BENTO ROTGER DOMINGUES --LAGOA,             06872035                                                            000010
100000 000000000000 00090345100325490REGTIT31409024644779     0002020000005995933900000000002N           2  01000599593328041900000004150000000000099N280319000000000000002770000000000000000000000000000000000000000000000100027977688840DAMIAO JOSE DA SILVA                    RUA RUA CEU AZUL, 230 C 2 AGENOR DE CAMP            11730000                                                            000011
9                                                                                                                                                                                                                                                                                                                                                                                                         000012