01REMESSA01COBRANCA       00000000000004852239ISPCN                         237BRADESCO       260319        MX0003119                                                                                                                                                                                                                                                                                     000001
100000 000000000000 00090345100325490REGTIT31191209408976     0002020000005947942600000000002N           2  02000594794210031900000000083340000000099N181018000000000000000060000000000000000000000000000000000000000000000100007796230451AUCILENE DE PAIVA LIMA SILVA            RUA 17, 36 RIO CORRENTE  PETROLINA  PE              56300000                                                            000002
100000 000000000000 00090345100325490REGTIT31192006849451     0002020000005976812600000000002N           2  02000597681210041900000000220000000000099N220119000000000000000370000000000000000000000000000000000000000000000100071196625387JOÃO MENDES PAURÁ                       CONJUNTO BEIJA FLOR, 33 QUADRA 19 BEIJA             67200000                                                            000003
100000 000000000000 00090345100325490REGTIT31193165171307     0002020000005949488300000000002N           2  02000594948826031900000000033340000000099N271018000000000000000020000000000000000000000000000000000000000000000100003051691496KEYLA CLECIA TEIXEIRA SALES             RUA PIO XII, 304 CENTRO  PETROLINA  PE              56300000                                                            000004
100000 000000000000 00090345100325490REGTIT31194351364340     0002020000005995577500000000002N           2  01000599557723041900000000500000000000099N260319000000000000000330000000000000000000000000000000000000000000000100005848375933JACIEL DA SILVA OLIVEIRA                RUA FRANCISZEK OLENCEWICZ, 534 GUATUPE S            83060510                                                            000005
100000 000000000000 00090345100325490REGTIT31194351364340     0002020000005995578300000000002N           2  01000599557823051900000000500000000000099N260319000000000000000330000000000000000000000000000000000000000000000100005848375933JACIEL DA SILVA OLIVEIRA                RUA FRANCISZEK OLENCEWICZ, 534 GUATUPE S            83060510                                                            000006
100000 000000000000 00090345100325490REGTIT31194478282075     0002020000005995589900000000002N           2  01000599558907041900000000800000000000099N260319000000000000000530000000000000000000000000000000000000000000000100005848375933JACIEL DA SILVA OLIVEIRA                RUA FRANCISZEK OLENCEWICZ, 534 GUATUPE S            83060510                                                            000007
100000 000000000000 00090345100325490REGTIT31194609878452     0002020000005995581300000000002N           2  01000599558115041900000000188000000000099N260319000000000000000130000000000000000000000000000000000000000000000100024702879871JESSE PORTO PINTO                       CUIABA, 795 CIDADE NOVA SANTA BARBARA D             13450000                                                            000008
100000 000000000000 00090345100325490REGTIT31194609878452     0002020000005995582100000000002N           2  01000599558215051900000000188000000000099N260319000000000000000130000000000000000000000000000000000000000000000100024702879871JESSE PORTO PINTO                       CUIABA, 795 CIDADE NOVA SANTA BARBARA D             13450000                                                            000009
100000 000000000000 00090345100325490REGTIT31194928989108     0002020000005918477900000000002N           2  02000591847720031900000000220000000000099N230718000000000000000150000000000000000000000000000000000000000000000100039754382824RENAN DA SILVA FERREIRA                 CLAUDIO MANOEL DA COSTA, 867 PARQUE OLAR            13458027                                                            000010
100000 000000000000 00090345100325490REGTIT31195849431691     0002020000005947948500000000002N           2  02000594794817031900000000100000000000099N181018000000000000000070000000000000000000000000000000000000000000000100090247205400EVANITO JOAQUIM DA SILVA                AREA 21, S/N  PROJETO MARIA TEREZA  PETR            00000000                                                            000011
100000 000000000000 00090345100325490REGTIT31196466265192     0002020000005995591000000000002N           2  01000599559109041900000000450000000000099N260319000000000000000300000000000000000000000000000000000000000000000219599431000144THIAGO DA SILVA DE JESUS                BAHIA, 170 CAMPO PEQUENO COLOMBO PR                 83404010                                                            000012
100000 000000000000 00090345100325490REGTIT31196466265192     0002020000005995592900000000002N           2  01000599559224041900000000450000000000099N260319000000000000000300000000000000000000000000000000000000000000000219599431000144THIAGO DA SILVA DE JESUS                BAHIA, 170 CAMPO PEQUENO COLOMBO PR                 83404010                                                            000013
100000 000000000000 00090345100325490REGTIT31196728526999     0002020000005937563900000000002N           2  01000593756325051900000000290000000000099N140918000000000000000190000000000000000000000000000000000000000000000200667118000500LOJA CENTRO LTDA                        TRAVESSA DA PRAÇA, 57 CENTRO DOM ELISEU             68633000                                                            000014
100000 000000000000 00090345100325490REGTIT31197426618258     0002020000005995590200000000002N           2  01000599559008041900000000619100000000099N260319000000000000000410000000000000000000000000000000000000000000000100057137668534EUNICE GONZAGA DA SILVA                 EGYDIO MARTINS DA COSTA, 304 VILA NOVA P            05756380                                                            000015
100000 000000000000 00090345100325490REGTIT31199125736339     0002020000005966093700000000002N           2  02000596609320031900000000140000000000099N081218000000000000000090000000000000000000000000000000000000000000000100011229320814MARIA APARECIDA CABAL SICHELLI          SEBASTIAO BENEDITO DO AMARAL, 537 VILA L            13450395                                                            000016
100000 000000000000 00090345100325490REGTIT31199782520362     0002020000005920866P00000000002N           2  02000592086612031900000000230000000000099N070818000000000000000150000000000000000000000000000000000000000000000100036046207835SONIA THEODORO GIL                      GENERAL COUTO MAGALHAES, 236 31 DE MARCO            13453135                                                            000017
9                                                                                                                                                                                                                                                                                                                                                                                                         000018