01REMESSA01COBRANCA       00000000000004972103WC SISTEMAS E EQUIPAMENTOS DE 237BRADESCO       070319        MX0002601                                                                                                                                                                                                                                                                                     000001
100000 000000000000 00090345100240370REGTIT26011812017439     0002020000005960885400000000002N           2  04181201743928121800000000273780000000099N061218000000000000000410000000000000000000000000000000000000000121940203903558000175COMÉRCIO INFORMÁTICA E TELES E AZENHA LTRUA JOSE ANTONIO AUGUSTO , 36                       06170170                                                            000002
100000 000000000000 00090345100240370REGTIT26011902058474     0002020000005979823800000000002N           2  04190205847428021900000000155180000000099N080219000000000000000230000000000000000000000000000000000000000040000208860260000149CICERO GOMES  DE OLIVEIRA ME            AVENIDA CORONEL ESCOLASTICO, 457                    78010200                                                            000003
100000 000000000000 00090345100240370REGTIT26011902067061     0002020000005981055600000000002N           2  04190206706128021900000000159800000000099N080219000000000000000240000000000000000000000000000000000000000060000220483059000195FLOR DE LIS ARMARINHOS LTDA ME          AVENIDA CAMILO DE LELLIS, 392                       83323000                                                            000004
100000 000000000000 00090345100240370REGTIT26011902069402     0002020000005981835200000000002N           2  04190206940228021900000000249400000000099N080219000000000000000370000000000000000000000000000000000000000097000218801818000179MASBRAS CENTRO AUTOMOTIVO LTDA          AVENIDA ALEXANDRE RIZZO, 997                        95110000                                                            000005
100000 000000000000 00090345100240370REGTIT260199658598198    0002020090005947620700000000002N           2  02996585981925101800000000359700000000099N161018000000000000000540000000000000000000000000000000000000000000000206167586000160SOS CAR AUTO SOCORRO LTDA ME            RUA DOMINGOS NASCIMENTO, 320                        80520200                                                            000006
100000 000000000000 00090345100240370REGTIT2601994411717479   0002020090005960243100000000002N           2  02994411717410121800000000327300000000099N041218000000000000000490000000000000000000000000000000000000000000000201984935000112CENTRO DE FORMAÇAO DE CONDUTORES FATIMA RUA DESEMBARGADOR CID CAMPELO , 5524                81350260                                                            000007
100000 000000000000 00090345100240370REGTIT2601996993728937   0002020090005986752400000000002N           2  01996993728908031900000000237000000000099N070319000000000000000360000000000000000000000000000000000000000000000281203705000450CINZEL COMERCIO DE ROUPAS E SERVICOS LTDRUA RIO BRANCO, 243                                 83260000                                                            000008
100000 000000000000 00090345100240370REGTIT2601997099297715   0002020090005986751600000000002N           2  01997099297708031900000000314700000000099N070319000000000000000470000000000000000000000000000000000000000000000281203705000531CINZEL COMERCIO DE ROUPAS E SERVICOS LTDAVENIDA NOSSA SENHORA DE LOURDES, 63                81530020                                                            000009
100000 000000000000 00090345100240370REGTIT2601997175845014   0002020090005970200200000000002N           2  02997175845018011900000000239700000000099N100119000000000000000360000000000000000000000000000000000000000000000208662112000110DAGUETTI COMERCIO DE ALIMENTOS LTDA     R ALFREDO BUFREN, 337                               80020240                                                            000010
100000 000000000000 00090345100240370REGTIT2601997185786628   0002020090005977131400000000002N           2  02997185786601021900000000195300000000099N240119000000000000000290000000000000000000000000000000000000000000000221362988000109CYNTHIA JACQUES MASSUCCI ME             R ATILIO BORIO, 25                                  80050250                                                            000011
100000 000000000000 00090345100240370REGTIT2601997223332699   0002020090005967550100000000002N           2  02997223332624121800000000239700000000099N171218000000000000000360000000000000000000000000000000000000000000000225255764000159CALIFORNIA COMERCIO DE ALIMENTOS EIRELI RUA ROBERTO LAMBACH FALAVINHA, 25                   83405240                                                            000012
9                                                                                                                                                                                                                                                                                                                                                                                                         000013