01REMESSA01COBRANCA       00000000000004852239ISPCN                         237BRADESCO       130319        MX0003023                                                                                                                                                                                                                                                                                     000001
100000 000000000000 00090345100325490REGTIT30231612180512     0002020000005898630800000000002N           2  02000589863018021900000000110000000000099N210518000000000000000070000000000000000000000000000000000000000000000100002699919489FRANCISCO DE JESUS NASCIMENTO           10, 45 S츒 JORGE PETROLINA PE                       56300000                                                            000002
100000 000000000000 00090345100325490REGTIT30231618118422     0002020000005979061P00000000002N           2  02000597906110031900000000034730000000099N080219000000000000000020000000000000000000000000000000000000000000000100011816345989FABIO DO VALE DE OLIVEIRA               100 ALQUEIRES,  CENTRO OURIZONA PR                  87170000                                                            000003
100000 000000000000 00090345100325490REGTIT30231734345758     0002020000005957630800000000002N           2  02000595763002031900000000108330000000099N191118000000000000000070000000000000000000000000000000000000000000000100013353223452MAIARA DOS SANTOS LIMA                  RUA 04, 07 VILA NOVA N8 PETROLINA PE                56300000                                                            000004
100000 000000000000 00090345100325490REGTIT30231743863589     0002020000005987795200000000002N           2  01000598779520031900000000257000000000099N130319000000000000000170000000000000000000000000000000000000000000000222755408000378LAUBER MENDES JUNIOR RESTAURANTE LTDA   MARECHAL HUMBERTO DE ALENCAR C BRANCO, 2            82530195                                                            000005
100000 000000000000 00090345100325490REGTIT30232424262521     0002020000005939396300000000002N           2  02000593939624021900000000100000000000099N270918000000000000000070000000000000000000000000000000000000000000000100006522824400SHIRLYS KALIANA DA CONCEICAO SILVA      RUA 42, 71 S츒 GON큐LO PETROLINA PE                 56300000                                                            000006
100000 000000000000 00090345100325490REGTIT30232498593880     0002020000005958118200000000002N           2  02000595811821021900000000091670000000099N221118000000000000000060000000000000000000000000000000000000000000000100070879678437IVONEIDE PEREIRA DA CONCEICAO           RUA 05, 250 FERNANDO IDALINO  PETROLINA             56300000                                                            000007
100000 000000000000 00090345100325490REGTIT30232531679111     0002020000005929056000000000002N           2  02000592905621021900000000118750000000099N270818000000000000000080000000000000000000000000000000000000000000000100081643446568MISSILENE DA SILVA APOSTOLO             RUA: VILA NOVA, 12 PROJETO N 02 PETROLIN            56300000                                                            000008
100000 000000000000 00090345100325490REGTIT30233543888802     0002020000005987796000000000002N           2  01000598779620031900000000654480000000099N130319000000000000000440000000000000000000000000000000000000000000000223429583000176MABRE                                   RUA AFONSO BANDEIRA, 39 UMBARA CURITIBA             81930700                                                            000009
100000 000000000000 00090345100325490REGTIT30234444737455     0002020000005984121400000000002N           2  02000598412110031900000000032450000000099N090219000000000000000020000000000000000000000000000000000000000000000100011816345989FABIO DO VALE DE OLIVEIRA               100 ALQUEIRES,  CENTRO OURIZONA PR                  87170000                                                            000010
100000 000000000000 00090345100325490REGTIT30234463822286     0002020000005938915P00000000002N           2  02000593891528021900000000091670000000099N240918000000000000000060000000000000000000000000000000000000000000000100003961049408MARIA JOSE DOS SANTOS                   SITIO, S|N PROJETO MARIA TEREZA PETROLIN            56300000                                                            000011
100000 000000000000 00090345100325490REGTIT30234475459700     0002020000005917958900000000002N           2  02000591795805031900000000100000000000099N190718000000000000000070000000000000000000000000000000000000000000000100097579084449DEUSIVAN COSTA LIMA                     RUA: B, 30 PROJETO N 03 PETROLINA PE                56300000                                                            000012
100000 000000000000 00090345100325490REGTIT30234480560541     0002020000005930113900000000002N           2  02000593011328021900000000070000000000099N010918000000000000000050000000000000000000000000000000000000000000000100028689291415JUVENAL ALVES FILHO                     SITIO BAIXA DA BOA VISTA, S|N  PROXIMO A            56300000                                                            000013
100000 000000000000 00090345100325490REGTIT30234552956637     0002020000005926733P00000000002N           2  02000592673310031900000000100000000000099N140818000000000000000070000000000000000000000000000000000000000000000100021384363491RAIMUNDO ANTONIO DE SOUZA               RUA: 03, 165 COSME E DAMIAO PETROLINA PE            56300000                                                            000014
100000 000000000000 00090345100325490REGTIT30234654557990     0002020000005948096300000000002N           2  02000594809610041900000000050000000000099N191018000000000000000030000000000000000000000000000000000000000000000100021384363491RAIMUNDO ANTONIO DE SOUZA               RUA: 03, 165 COSME E DAMIAO PETROLINA PE            56300000                                                            000015
100000 000000000000 00090345100325490REGTIT30235701403721     0002020000005986624100000000002N           2  02000598662418031900000000491490000000099N060319000000000000000330000000000000000000000000000000000000000000000231135972000117TG EDUCA큐O S/A ,MATRIZ                 RUA VERISSIMO MARQUES, 584 CENTRO SAO JO            83005410                                                            000016
100000 000000000000 00090345100325490REGTIT30235892143145     0002020000005931341200000000002N           2  02000593134128021900000000100000000000099N060918000000000000000070000000000000000000000000000000000000000000000100003489251407ROSILEIDE ROSA PEREIRA NUNES            RUA: 10, 231 TERRA DO SUL PETROLINA PE              56300000                                                            000017
100000 000000000000 00090345100325490REGTIT30236300498325     0002020000005919608400000000002N           2  02000591960826021900000000050000000000099N300718000000000000000030000000000000000000000000000000000000000000000100059242973491EDVALDO AMANCIO DE LIRA                 B, 26 PREJETO C1 PETROLINA PE                       56300000                                                            000018
100000 000000000000 00090345100325490REGTIT30236300498325     0002020000005919609200000000002N           2  02000591960926031900000000050000000000099N300718000000000000000030000000000000000000000000000000000000000000000100059242973491EDVALDO AMANCIO DE LIRA                 B, 26 PREJETO C1 PETROLINA PE                       56300000                                                            000019
100000 000000000000 00090345100325490REGTIT30236539970483     0002020000005987794400000000002N           2  01000598779431031900000000498140000000099N130319000000000000000330000000000000000000000000000000000000000000000235389170000194CONSTRUTORA CASSI LTDA (CONSTRUTORA CASSRODOVIA BR-122 KM 307, 307 LOTEAMENTO RE            56320700                                                            000020
100000 000000000000 00090345100325490REGTIT30236765853683     0002020000005956702300000000002N           2  02000595670210031900000000250000000000099N121118000000000000000170000000000000000000000000000000000000000000000100004397398291ULISSES DIAS SIQUEIRA                   SOUZA FRANCO, 2890 ICOARACI BELEM  PA               66811880                                                            000021
100000 000000000000 00090345100325490REGTIT30237899850714     0002020000005976898300000000002N           2  02000597689821021900000000218750000000099N230119000000000000000150000000000000000000000000000000000000000000000208195565000183MERCADO DOURADOS(JULIO)                 AV.ANTONIO NUNES DA ROCHA, 380 RIO PEQUE            83070020                                                            000022
100000 000000000000 00090345100325490REGTIT30238174419179     0002020000005987801000000000002N           2  01000598780110041900000000145000000000099N130319000000000000000100000000000000000000000000000000000000000000000100024684090272ANA DAS GRA큐S SOARES GOMES             MEDEIROS, 2 CRUZEIRO (ICOARACI) BELEM PA            66810660                                                            000023
100000 000000000000 00090345100325490REGTIT30238174419179     0002020000005987802900000000002N           2  01000598780210051900000000145000000000099N130319000000000000000100000000000000000000000000000000000000000000000100024684090272ANA DAS GRA큐S SOARES GOMES             MEDEIROS, 2 CRUZEIRO (ICOARACI) BELEM PA            66810660                                                            000024
100000 000000000000 00090345100325490REGTIT30238193673288     0002020000005957177200000000002N           2  02000595717705031900000000095000000000099N141118000000000000000060000000000000000000000000000000000000000000000100007616294405ELIANE DA COSTA SANTOS                  RUA B, 30 PROJETO N3 PETROLINA PE                   56300000                                                            000025
100000 000000000000 00090345100325490REGTIT30238853076986     0002020000005986623300000000002N           2  02000598662314031900000000341700000000099N060319000000000000000230000000000000000000000000000000000000000000000231135972000117TG EDUCA큐O S/A ,MATRIZ                 RUA VERISSIMO MARQUES, 584 CENTRO SAO JO            83005410                                                            000026
100000 000000000000 00090345100325490REGTIT30239527692844     0002020000005939588500000000002N           2  02000593958825021900000000100000000000099N270918000000000000000070000000000000000000000000000000000000000000000100003152799403COSME DE SOUZA DA CUNHA                 SITIO PO큞, S|N PO큞 PETROLINA PE                   56300000                                                            000027
100000 000000000000 00090345100325490REGTIT30239709723898     0002020000005969871300000000002N           2  02000596987110031900000000120000000000099N090119000000000000000080000000000000000000000000000000000000000000000100008092154384JULIANA MARIA BARBOSA DIAS              NOSSA SENHORA DA CONCEICAO, 2 BRASILIA (            66845822                                                            000028
9                                                                                                                                                                                                                                                                                                                                                                                                         000029