01REMESSA01COBRANCA       00000000000004972103WC SISTEMAS E EQUIPAMENTOS DE 237BRADESCO       210319        MX0002645                                                                                                                                                                                                                                                                                     000001
100000 000000000000 00090345100240370REGTIT26451901070767     0002020000005973602P00000000002N           2  04190107076730011900000000099800000000099N110119000000000000000150000000000000000000000000000000000000000009490222251648000173CLARISSE CORDEIRO                       R RUA SAO SEBASTIAO, 3998                           88140000                                                            000002
100000 000000000000 00090345100240370REGTIT26451902070767     0002020000005982355000000000002N           2  04190207076728021900000000099800000000099N080219000000000000000150000000000000000000000000000000000000000005140222251648000173CLARISSE CORDEIRO                       R RUA SAO SEBASTIAO, 3998                           88140000                                                            000003
9                                                                                                                                                                                                                                                                                                                                                                                                         000004