01REMESSA01COBRANCA       00000000000004852239ISPCN                         237BRADESCO       130319        MX0003030                                                                                                                                                                                                                                                                                     000001
100000 000000000000 00090345100325490REGTIT30301612180512     0002020000005898630800000000002N           2  02000589863018021900000000110000000000099N210518000000000000000070000000000000000000000000000000000000000000000100002699919489FRANCISCO DE JESUS NASCIMENTO           10, 45 SÃO JORGE PETROLINA PE                       56300000                                                            000002
100000 000000000000 00090345100325490REGTIT30301618118422     0002020000005979061P00000000002N           2  02000597906110031900000000034730000000099N080219000000000000000020000000000000000000000000000000000000000000000100011816345989FABIO DO VALE DE OLIVEIRA               100 ALQUEIRES,  CENTRO OURIZONA PR                  87170000                                                            000003
100000 000000000000 00090345100325490REGTIT30301705749932     0002020000005957170500000000002N           2  02000595717012031900000000191670000000099N141118000000000000000130000000000000000000000000000000000000000000000100011363065440LARISSA SOARES DE OLIVEIRA              19, 27 RIO CORRENTE  PETROLINA PE                   56300000                                                            000004
100000 000000000000 00090345100325490REGTIT30301734345758     0002020000005957630800000000002N           2  02000595763002031900000000108330000000099N191118000000000000000070000000000000000000000000000000000000000000000100013353223452MAIARA DOS SANTOS LIMA                  RUA 04, 07 VILA NOVA N8 PETROLINA PE                56300000                                                            000005
100000 000000000000 00090345100325490REGTIT30302080297515     0002020000005917937600000000002N           2  02000591793710031900000000152920000000099N190718000000000000000100000000000000000000000000000000000000000000000100063891476191LEANDRO DA ROCHA                        RUA PIA LAZZARI BERTOLDI,, 836 CASA CAMP            81490422                                                            000006
100000 000000000000 00090345100325490REGTIT30302424262521     0002020000005939396300000000002N           2  02000593939624021900000000100000000000099N270918000000000000000070000000000000000000000000000000000000000000000100006522824400SHIRLYS KALIANA DA CONCEICAO SILVA      RUA 42, 71 SÃO GONÇALO PETROLINA PE                 56300000                                                            000007
100000 000000000000 00090345100325490REGTIT30302498593880     0002020000005958118200000000002N           2  02000595811821021900000000091670000000099N221118000000000000000060000000000000000000000000000000000000000000000100070879678437IVONEIDE PEREIRA DA CONCEICAO           RUA 05, 250 FERNANDO IDALINO  PETROLINA             56300000                                                            000008
100000 000000000000 00090345100325490REGTIT30302531679111     0002020000005929056000000000002N           2  02000592905621021900000000118750000000099N270818000000000000000080000000000000000000000000000000000000000000000100081643446568MISSILENE DA SILVA APOSTOLO             RUA: VILA NOVA, 12 PROJETO N 02 PETROLIN            56300000                                                            000009
100000 000000000000 00090345100325490REGTIT30302852917557     0002020000005958642700000000002N           2  02000595864224021900000000139000000000099N241118000000000000000090000000000000000000000000000000000000000000000100002498826980FATIMA CATARINA RODRIGUES VOLPATO       CAMPO GRANDE, 1314 CENTRO OURIZONA PR               87170000                                                            000010
100000 000000000000 00090345100325490REGTIT30302852917557     0002020000005958643500000000002N           2  02000595864324031900000000139000000000099N241118000000000000000090000000000000000000000000000000000000000000000100002498826980FATIMA CATARINA RODRIGUES VOLPATO       CAMPO GRANDE, 1314 CENTRO OURIZONA PR               87170000                                                            000011
100000 000000000000 00090345100325490REGTIT30302921157938     0002020000005977724900000000002N           2  02000597772415031900000000072380000000099N290119000000000000000050000000000000000000000000000000000000000000000100096056959953MARCIA ELIANE MULATI NASRALLAH          BELA VISTA, 997 CENTRO OURIZONA PR                  87170000                                                            000012
100000 000000000000 00090345100325490REGTIT30303303097511     0002020000005949015200000000002N           2  02000594901519031900000000075000000000099N251018000000000000000050000000000000000000000000000000000000000000000100086567926449SUZANA REGINA DA SILVA                  RUA: 05, 115 JARDIM PETROPOLIS PETROLINA            56300000                                                            000013
100000 000000000000 00090345100325490REGTIT30303790165132     0002020000005985776500000000002N           2  02000598577609031900000000250000000000099N220219000000000000000330000000000000000000000000000000000000000000000201239951000180Novo tempo industria e comercio de artig,  ALTO MARACANA COLOMBO PR                         83408450                                                            000014
100000 000000000000 00090345100325490REGTIT30304065937196     0002020000005940634800000000002N           2  02000594063420021900000000175820000000099N031018000000000000000120000000000000000000000000000000000000000000000100040952053004FRANCISCO DAVI MERELES                  DOUTOR LEOPOLDO GUIMARAES DA CUNHA, 234             84035310                                                            000015
100000 000000000000 00090345100325490REGTIT30304188011785     0002020000005926267200000000002N           2  02000592626705031900000000068750000000099N110818000000000000000050000000000000000000000000000000000000000000000100006397567435ETELVINA MENDES DA SILVA                RUA J1 , BLOCO RIO PANTANIO, AP 101 VIVE            56300000                                                            000016
100000 000000000000 00090345100325490REGTIT30304444737455     0002020000005984121400000000002N           2  02000598412110031900000000032450000000099N090219000000000000000020000000000000000000000000000000000000000000000100011816345989FABIO DO VALE DE OLIVEIRA               100 ALQUEIRES,  CENTRO OURIZONA PR                  87170000                                                            000017
100000 000000000000 00090345100325490REGTIT30304463822286     0002020000005938915P00000000002N           2  02000593891528021900000000091670000000099N240918000000000000000060000000000000000000000000000000000000000000000100003961049408MARIA JOSE DOS SANTOS                   SITIO, S|N PROJETO MARIA TEREZA PETROLIN            56300000                                                            000018
100000 000000000000 00090345100325490REGTIT30304475459700     0002020000005917958900000000002N           2  02000591795805031900000000100000000000099N190718000000000000000070000000000000000000000000000000000000000000000100097579084449DEUSIVAN COSTA LIMA                     RUA: B, 30 PROJETO N 03 PETROLINA PE                56300000                                                            000019
100000 000000000000 00090345100325490REGTIT30304480560541     0002020000005930113900000000002N           2  02000593011328021900000000070000000000099N010918000000000000000050000000000000000000000000000000000000000000000100028689291415JUVENAL ALVES FILHO                     SITIO BAIXA DA BOA VISTA, S|N  PROXIMO A            56300000                                                            000020
100000 000000000000 00090345100325490REGTIT30304552956637     0002020000005926733P00000000002N           2  02000592673310031900000000100000000000099N140818000000000000000070000000000000000000000000000000000000000000000100021384363491RAIMUNDO ANTONIO DE SOUZA               RUA: 03, 165 COSME E DAMIAO PETROLINA PE            56300000                                                            000021
100000 000000000000 00090345100325490REGTIT30304654557990     0002020000005948096300000000002N           2  02000594809610041900000000050000000000099N191018000000000000000030000000000000000000000000000000000000000000000100021384363491RAIMUNDO ANTONIO DE SOUZA               RUA: 03, 165 COSME E DAMIAO PETROLINA PE            56300000                                                            000022
100000 000000000000 00090345100325490REGTIT30304972593030     0002020000005931261000000000002N           2  02000593126105031900000000082000000000099N060918000000000000000050000000000000000000000000000000000000000000000100005361848441LIDIA  MARIA  RAMOS                     RUA  30, N 141 PARQUE  JATOBA PETROLINA             56300000                                                            000023
100000 000000000000 00090345100325490REGTIT30305043684707     0002020000005931471000000000002N           2  02000593147108031900000000085000000000099N080918000000000000000060000000000000000000000000000000000000000000000100002167667450MARIA  DO  CARMO  DE  LIMA   SANTOS     RUA POCO  DA  CAZE, 01 NOVA  DESCOBERTA             56300000                                                            000024
100000 000000000000 00090345100325490REGTIT30305252960137     0002020000005937861100000000002N           2  02000593786105031900000000100000000000099N180918000000000000000070000000000000000000000000000000000000000000000100045819211472EUGENIA  MARIA  DOS  SANTOS  NOGUEIRA   AVENIDA  03, N 56 VILA  VITORIA PETROLIN            56300000                                                            000025
100000 000000000000 00090345100325490REGTIT30305370431024     0002020000005928231200000000002N           2  02000592823120021900000000070000000000099N230818000000000000000050000000000000000000000000000000000000000000000100009842787451ALINE CRISTIANE DOS SANTOS              RUA 19, 30 SAO GONCALO PETROLINA PE                 56300000                                                            000026
100000 000000000000 00090345100325490REGTIT30305639802589     0002020000005930581900000000002N           2  02000593058110031900000000125000000000099N040918000000000000000080000000000000000000000000000000000000000000000100002116195403MARIA GORETE DOS SANTOS                 RUA G 1 BLOCO GONGORJI, 10 AP 102 VIVEND            56300000                                                            000027
100000 000000000000 00090345100325490REGTIT30305701403721     0002020000005986624100000000002N           2  02000598662418031900000000491490000000099N060319000000000000000330000000000000000000000000000000000000000000000231135972000117TG EDUCAÇAO S/A ,MATRIZ                 RUA VERISSIMO MARQUES, 584 CENTRO SAO JO            83005410                                                            000028
100000 000000000000 00090345100325490REGTIT30305892143145     0002020000005931341200000000002N           2  02000593134128021900000000100000000000099N060918000000000000000070000000000000000000000000000000000000000000000100003489251407ROSILEIDE ROSA PEREIRA NUNES            RUA: 10, 231 TERRA DO SUL PETROLINA PE              56300000                                                            000029
100000 000000000000 00090345100325490REGTIT30306111475481     0002020000005984262800000000002N           2  02000598426220021900000000228670000000099N110219000000000000000150000000000000000000000000000000000000000000000100002128911036TIAGO GONÇALVES AMARO                   OLMA AVELINE CEZAR 430, 430 CASA CENTRO             96765000                                                            000030
100000 000000000000 00090345100325490REGTIT30306119317437     0002020000005937256700000000002N           2  02000593725610031900000000100000000000099N130918000000000000000070000000000000000000000000000000000000000000000100010319941493ANDREYA ALVES DA SILVA                  TRAVESSA DA RUA:05, N:10 PROJETO N:03 PE            56300000                                                            000031
100000 000000000000 00090345100325490REGTIT30306123885748     0002020000005958652400000000002N           2  02000595865224021900000000043700000000099N241118000000000000000030000000000000000000000000000000000000000000000100005111393900CLAUDINEIA DOS REIS DA SILVA            FLORIANOPOLIS, 334 CASA CONJUNTO HENRIQU            87170000                                                            000032
100000 000000000000 00090345100325490REGTIT30306181555576     0002020000005902331700000000002N           2  02000590233110031900000000120000000000099N080618000000000000000080000000000000000000000000000000000000000000000100001950063488BRUNO GONZAGA                           JOAQUINA PAIVA NETO, 211 LOTEAMENTO RECI            56300000                                                            000033
100000 000000000000 00090345100325490REGTIT30306300498325     0002020000005919608400000000002N           2  02000591960826021900000000050000000000099N300718000000000000000030000000000000000000000000000000000000000000000100059242973491EDVALDO AMANCIO DE LIRA                 B, 26 PREJETO C1 PETROLINA PE                       56300000                                                            000034
100000 000000000000 00090345100325490REGTIT30306300498325     0002020000005919609200000000002N           2  02000591960926031900000000050000000000099N300718000000000000000030000000000000000000000000000000000000000000000100059242973491EDVALDO AMANCIO DE LIRA                 B, 26 PREJETO C1 PETROLINA PE                       56300000                                                            000035
100000 000000000000 00090345100325490REGTIT30306413449781     0002020000005938984200000000002N           2  02000593898419031900000000100000000000099N250918000000000000000070000000000000000000000000000000000000000000000100007699552407ANA  PAULA  DA  SILVA  LIMA             RUA  C, N 73 C 2 PISNO PETROLINA PE                 56300000                                                            000036
100000 000000000000 00090345100325490REGTIT30306515748645     0002020000005987539900000000002N           2  02000598753912031900000000980000000000099N110319000000000000000650000000000000000000000000000000000000000000000100006243498964ROSIANE KREPEL                          PEDRO POLATI, 62 MARUMBI PIRAQUARA PR               83304380                                                            000037
100000 000000000000 00090345100325490REGTIT30306765853683     0002020000005956702300000000002N           2  02000595670210031900000000250000000000099N121118000000000000000170000000000000000000000000000000000000000000000100004397398291ULISSES DIAS SIQUEIRA                   SOUZA FRANCO, 2890 ICOARACI BELEM  PA               66811880                                                            000038
100000 000000000000 00090345100325490REGTIT30306967431166     0002020000005927757200000000002N           2  02000592775728021900000000115000000000099N200818000000000000000080000000000000000000000000000000000000000000000100078656613553INEUDA DO NASCIMENTO DINIZ              ILHA DO MASSAGANO, 000 CASA ILHA DO MASS            56300000                                                            000039
100000 000000000000 00090345100325490REGTIT30307084731422     0002020000005957664200000000002N           2  02000595766406031900000000121350000000099N191118000000000000000080000000000000000000000000000000000000000000000100002550094450LINDOMAR DIAS RODRIGUES                 RUA D, 24 PROX A CHACARA FIGUEROA PROJET            56300000                                                            000040
100000 000000000000 00090345100325490REGTIT30307090028201     0002020000005951488400000000002N           2  02000595148810031900000000048900000000099N091118000000000000000030000000000000000000000000000000000000000000000100005036597974VALDIRENE LOPES DE SOUZA                IBIRAPITANGA, 0 FAZENDA BURITI CENTRO MA            87170000                                                            000041
100000 000000000000 00090345100325490REGTIT30307157298727     0002020000005929032300000000002N           2  02000592903210031900000000100000000000099N270818000000000000000070000000000000000000000000000000000000000000000100074792369487MARLUCE FERNANDES CAVALCANTE SANTOS     RUA: 08, 22 COSME E DAMIAO PETROLINA PE             56300000                                                            000042
100000 000000000000 00090345100325490REGTIT30307273416072     0002020000005899020800000000002N           2  02000589902021021900000000099000000000099N220518000000000000000070000000000000000000000000000000000000000000000100007524725426ELBER DA SILVA                          RUA 29, 71 PARQUE JATOBÁ PETROLINA PE               56300000                                                            000043
100000 000000000000 00090345100325490REGTIT30307333400924     0002020000005957393700000000002N           2  02000595739301031900000000100000000000099N161118000000000000000070000000000000000000000000000000000000000000000100022657339468LUCIA MARIA ALVES DA SILVA              RUA JASMIM MANGA, 381 NOVA VIDA 1 PETROL            56300000                                                            000044
100000 000000000000 00090345100325490REGTIT30307673173927     0002020000005977491600000000002N           2  02000597749110031900000000139840000000099N250119000000000000000090000000000000000000000000000000000000000000000100040952053004FRANCISCO DAVI MERELES                  DOUTOR LEOPOLDO GUIMARAES DA CUNHA, 234             84035310                                                            000045
100000 000000000000 00090345100325490REGTIT30307899850714     0002020000005976898300000000002N           2  02000597689821021900000000218750000000099N230119000000000000000150000000000000000000000000000000000000000000000208195565000183MERCADO DOURADOS(JULIO)                 AV.ANTONIO NUNES DA ROCHA, 380 RIO PEQUE            83070020                                                            000046
100000 000000000000 00090345100325490REGTIT30308054038546     0002020000005957075P00000000002N           2  02000595707513031900000000051100000000099N131118000000000000000030000000000000000000000000000000000000000000000100003576606920NANCI ROCHA                             CAMPO GRANDE, 46 CASA FUNDO CENTRO OURIZ            87170000                                                            000047
100000 000000000000 00090345100325490REGTIT30308159786764     0002020000005992815800000000002N           2  01000599281515041900000000280000000000099N130319000000000000000190000000000000000000000000000000000000000000000100042510569813DOUGLAS DE ALMEIDA COSTA                SANTO EXPEDITO, 43 ITARARE  EMBU-GUAÇU S            06900000                                                            000048
100000 000000000000 00090345100325490REGTIT30308193673288     0002020000005957177200000000002N           2  02000595717705031900000000095000000000099N141118000000000000000060000000000000000000000000000000000000000000000100007616294405ELIANE DA COSTA SANTOS                  RUA B, 30 PROJETO N3 PETROLINA PE                   56300000                                                            000049
100000 000000000000 00090345100325490REGTIT30308359940027     0002020000005959025400000000002N           2  02000595902508031900000000058330000000099N271118000000000000000040000000000000000000000000000000000000000000000100036802786591LAURITA  DE   SOUZA                     40, 250 SAO GONÇALO PETROLINA PE                    56300000                                                            000050
100000 000000000000 00090345100325490REGTIT30308381672484     0002020000005984634800000000002N           2  02000598463412031900000000449470000000099N130219000000000000000300000000000000000000000000000000000000000000000100016376720803MALVINA DO NASCIMENTO                   DA GRANJA, 145 CASA 2 BARNABÉS JUQUITIBA            06950000                                                            000051
100000 000000000000 00090345100325490REGTIT30308838531287     0002020000005960084500000000002N           2  02000596008410031900000000183200000000099N031218000000000000000120000000000000000000000000000000000000000000000100040952053004FRANCISCO DAVI MERELES                  DOUTOR LEOPOLDO GUIMARAES DA CUNHA, 234             84035310                                                            000052
100000 000000000000 00090345100325490REGTIT30308853076986     0002020000005986623300000000002N           2  02000598662314031900000000341700000000099N060319000000000000000230000000000000000000000000000000000000000000000231135972000117TG EDUCAÇAO S/A ,MATRIZ                 RUA VERISSIMO MARQUES, 584 CENTRO SAO JO            83005410                                                            000053
100000 000000000000 00090345100325490REGTIT30308871858078     0002020000005959733P00000000002N           2  02000595973315031900000000495310000000099N301118000000000000000330000000000000000000000000000000000000000000000100005209662950JAISON LEANDRO SILVERIO                 34 CONJUNTO 4 LOTE 1A4, 401 APTO BL 10 C            71880774                                                            000054
100000 000000000000 00090345100325490REGTIT30308926520583     0002020000005950532P00000000002N           2  02000595053209031900000000083330000000099N061118000000000000000060000000000000000000000000000000000000000000000100009026375417JAILENE   DE  CARVALHO  RODRIGUES       QUADRA  C, N 108 PROJETO  N5 PETROLINA P            56300000                                                            000055
100000 000000000000 00090345100325490REGTIT30309527692844     0002020000005939588500000000002N           2  02000593958825021900000000100000000000099N270918000000000000000070000000000000000000000000000000000000000000000100003152799403COSME DE SOUZA DA CUNHA                 SITIO POÇO, S|N POÇO PETROLINA PE                   56300000                                                            000056
100000 000000000000 00090345100325490REGTIT30309548962927     0002020000005959205200000000002N           2  02000595920528021900000000112500000000099N281118000000000000000080000000000000000000000000000000000000000000000100008337713534MARLENE IZABEL DOS SANTOS               RUA RIO SAO FRANCISCO, 88 JOSE MARIA  PE            56300000                                                            000057
100000 000000000000 00090345100325490REGTIT30309597484477     0002020000005949741600000000002N           2  02000594974115021900000000075000000000099N301018000000000000000050000000000000000000000000000000000000000000000100007119661175VINICIUS LIMA DA SILVA                  RUA: 58, 38 JOAO DE DEUS PETROLINA PE               56300000                                                            000058
100000 000000000000 00090345100325490REGTIT30309597484477     0002020000005949742400000000002N           2  02000594974215031900000000075000000000099N301018000000000000000050000000000000000000000000000000000000000000000100007119661175VINICIUS LIMA DA SILVA                  RUA: 58, 38 JOAO DE DEUS PETROLINA PE               56300000                                                            000059
100000 000000000000 00090345100325490REGTIT30309643628170     0002020000005939003400000000002N           2  02000593900328021900000000066250000000099N250918000000000000000040000000000000000000000000000000000000000000000100005319620403MARLENE BARRETO DE LIMA                 RUA 05, 616 ANTONIO CASSIMIRO  PETROLINA            56300000                                                            000060
100000 000000000000 00090345100325490REGTIT30309663992987     0002020000005984640200000000002N           2  02000598464013031900000000167500000000099N130219000000000000000110000000000000000000000000000000000000000000000100005952547800MARIA DAS GRACAS GOMES                  AGLAE REIS, 71 JARDIM CLARICE SAO PAULO             05870010                                                            000061
100000 000000000000 00090345100325490REGTIT30309709723898     0002020000005969871300000000002N           2  02000596987110031900000000120000000000099N090119000000000000000080000000000000000000000000000000000000000000000100008092154384JULIANA MARIA BARBOSA DIAS              NOSSA SENHORA DA CONCEICAO, 2 BRASILIA (            66845822                                                            000062
100000 000000000000 00090345100325490REGTIT30309726547064     0002020000005966294800000000002N           2  02000596629415031900000000084670000000099N101218000000000000000060000000000000000000000000000000000000000000000100096056959953MARCIA ELIANE MULATI NASRALLAH          BELA VISTA, 997 CENTRO OURIZONA PR                  87170000                                                            000063
9                                                                                                                                                                                                                                                                                                                                                                                                         000064