01REMESSA01COBRANCA       00000000000004852239ISPCN                         237BRADESCO       010319        MX0002929                                                                                                                                                                                                                                                                                     000001
100000 000000000000 00090345100325490REGTIT29291391324599     0002020000005977091000000000002N           2  02000597709104031900000000190000000000099N240119000000000000000130000000000000000000000000000000000000000000000100028992245149LUZIA FELIZADOS DA ROCHA                JADER BARBALHO, 2678 AGUA BOA (OUTEIRO)             66843650                                                            000002
100000 000000000000 00090345100325490REGTIT29292096607875     0002020000005968557300000000002N           2  02000596855724021900000000027400000000099N241218000000000000000020000000000000000000000000000000000000000000000100010245821910IRIS DE OLIVEIRA                        BELA VISTA, 0 CENTRO OURIZONA PR                    87170000                                                            000003
100000 000000000000 00090345100325490REGTIT29292245217325     0002020000005950735700000000002N           2  02000595073505031900000000116670000000099N061118000000000000000080000000000000000000000000000000000000000000000100031155421434MARIA DE LOURDES DO NASCIMENTO          RUA DELFIM, N 10 LOTE PADRE CICERO PETRO            56300000                                                            000004
100000 000000000000 00090345100325490REGTIT29292289930271     0002020000005950088300000000002N           2  02000595008810031900000000225000000000099N011118000000000000000150000000000000000000000000000000000000000000000100018126812249MARIA DA CONCEIÇÃO FERREIRA DIAS        DEODORO DA FONSECA, 1979 BRASILIA (OUTEI            66845440                                                            000005
100000 000000000000 00090345100325490REGTIT29292786043613     0002020000005979016400000000002N           2  02000597901605031900000000080000000000099N080219000000000000000050000000000000000000000000000000000000000000000100023864491819JOSUE ROBERT                            MUNIQUE, 46 VILA ENGENHO NOVO BARUERI SP            06416140                                                            000006
100000 000000000000 00090345100325490REGTIT29295128362373     0002020000005977510600000000002N           2  02000597751026031900000000042500000000099N260119000000000000000030000000000000000000000000000000000000000000000100062153706904NATALICE SALES DE OLIVEIRA              EUCLIDES DA CUNHA, 560 CENTRO OURIZONA P            87170000                                                            000007
100000 000000000000 00090345100325490REGTIT29295174942186     0002020000005956560800000000002N           2  02000595656005031900000000270000000000099N101118000000000000000180000000000000000000000000000000000000000000000100010882596268MARIA DAS DORES DOS SANTOS RODRIGUES    BRASILIA _ PASS. SÃO JORGE, 139 ICOARACI            06682268                                                            000008
100000 000000000000 00090345100325490REGTIT29295952159095     0002020000005968321P00000000002N           2  02000596832110031900000000038960000000099N211218000000000000000030000000000000000000000000000000000000000000000100010102971986CAMILA DOS SANTOS FERBONI               MACHADO DE ASSIS, 923 CENTRO OURIZONA PR            87170000                                                            000009
100000 000000000000 00090345100325490REGTIT29296080420369     0002020000005979012100000000002N           2  02000597901205031900000000376670000000099N080219000000000000000250000000000000000000000000000000000000000000000100023915982890STEPHANIE MILORD                        CAPITAO FRANCISCO CEZAR, 1496 VILA PINDO            06415000                                                            000010
100000 000000000000 00090345100325490REGTIT29297210859060     0002020000005959640600000000002N           2  02000595964007021900000000175000000000099N301118000000000000000120000000000000000000000000000000000000000000000100004761605960LUCAS BALAN                             EQUADOR, 117 JARDIM VITORIA CAMBE PR                86182135                                                            000011
100000 000000000000 00090345100325490REGTIT29297733981054     0002020000005968326000000000002N           2  02000596832610031900000000051700000000099N211218000000000000000030000000000000000000000000000000000000000000000100010102971986CAMILA DOS SANTOS FERBONI               MACHADO DE ASSIS, 923 CENTRO OURIZONA PR            87170000                                                            000012
100000 000000000000 00090345100325490REGTIT29297987976032     0002020000005949878100000000002N           2  02000594987828021900000000186670000000099N311018000000000000000120000000000000000000000000000000000000000000000100079062296300MARINEIDE  MARIA  LOPES  VASQUES        RUA 51, N 37 JOAO DE DEUS PETROLINA  PE             56300000                                                            000013
9                                                                                                                                                                                                                                                                                                                                                                                                         000014