01REMESSA01COBRANCA       00000000000004852239ISPCN                         237BRADESCO       220319        MX0003106                                                                                                                                                                                                                                                                                     000001
100000 000000000000 00090345100325490REGTIT31061945332714     0002020000005995171000000000002N           2  01000599517115041900000000077630000000099N220319000000000000000050000000000000000000000000000000000000000000000100044492413120LUCIENE DA SILVA MIGUELAO               RUA BISMARQUE, 37 VILA SANTO EUGENIO CAM            79060370                                                            000002
100000 000000000000 00090345100325490REGTIT31061945332714     0002020000005995172900000000002N           2  01000599517215051900000000077630000000099N220319000000000000000050000000000000000000000000000000000000000000000100044492413120LUCIENE DA SILVA MIGUELAO               RUA BISMARQUE, 37 VILA SANTO EUGENIO CAM            79060370                                                            000003
100000 000000000000 00090345100325490REGTIT31062144753527     0002020000005995180P00000000002N           2  01000599518015041900000000077630000000099N220319000000000000000050000000000000000000000000000000000000000000000100096505044191JEAN DA SILVA ARRUDA                    RUA DOLORES DURAN, 1321 CASA 20 RECANTO             79063330                                                            000004
100000 000000000000 00090345100325490REGTIT31062144753527     0002020000005995181800000000002N           2  01000599518115051900000000077630000000099N220319000000000000000050000000000000000000000000000000000000000000000100096505044191JEAN DA SILVA ARRUDA                    RUA DOLORES DURAN, 1321 CASA 20 RECANTO             79063330                                                            000005
100000 000000000000 00090345100325490REGTIT31062320736878     0002020000005995204000000000002N           2  01000599520415041900000000069000000000099N220319000000000000000050000000000000000000000000000000000000000000000100094189943134ELAINE OLIVEIRA NUNES                   RUA PROFESSORA ODETE TRINDADE BENITES, 1            79062200                                                            000006
100000 000000000000 00090345100325490REGTIT31062320736878     0002020000005995205900000000002N           2  01000599520515051900000000069000000000099N220319000000000000000050000000000000000000000000000000000000000000000100094189943134ELAINE OLIVEIRA NUNES                   RUA PROFESSORA ODETE TRINDADE BENITES, 1            79062200                                                            000007
100000 000000000000 00090345100325490REGTIT31062449118950     0002020000005995221000000000002N           2  01000599522115041900000000069000000000099N220319000000000000000050000000000000000000000000000000000000000000000100002959746139GLORIA  LEGUIZAMON OCAMPO               RUA FILOMENA SEGUNDO NASCIMENTO, 4200 JA            79062066                                                            000008
100000 000000000000 00090345100325490REGTIT31062449118950     0002020000005995222900000000002N           2  01000599522215051900000000069000000000099N220319000000000000000050000000000000000000000000000000000000000000000100002959746139GLORIA  LEGUIZAMON OCAMPO               RUA FILOMENA SEGUNDO NASCIMENTO, 4200 JA            79062066                                                            000009
100000 000000000000 00090345100325490REGTIT31062745207241     0002020000005978529200000000002N           2  02000597852905031900000000148000000000099N050219000000000000000200000000000000000000000000000000000000000000000100072082801853FIRMINA CASEMIRA DA SILVA               JAO QD 36 LT 43, s|n QD 36 LT 43 COLINA             74970000                                                            000010
100000 000000000000 00090345100325490REGTIT31063013211894     0002020000005995188500000000002N           2  01000599518815041900000000117630000000099N220319000000000000000080000000000000000000000000000000000000000000000100000783753128ANDREIA NASCIMENTO DA SILVA             MARIA VIRGINIA PIMENTEL, 757 JD CAMPO AL            79062550                                                            000011
100000 000000000000 00090345100325490REGTIT31063013211894     0002020000005995189300000000002N           2  01000599518915051900000000117630000000099N220319000000000000000080000000000000000000000000000000000000000000000100000783753128ANDREIA NASCIMENTO DA SILVA             MARIA VIRGINIA PIMENTEL, 757 JD CAMPO AL            79062550                                                            000012
100000 000000000000 00090345100325490REGTIT31063014181078     0002020000005995155900000000002N           2  01000599515515041900000000077630000000099N220319000000000000000050000000000000000000000000000000000000000000000100081631804120LUCILENE MARIA PIASON                   RUA REVERENDO MARTIN LUTHER KING, 234 JA            79062560                                                            000013
100000 000000000000 00090345100325490REGTIT31063014181078     0002020000005995156700000000002N           2  01000599515615051900000000077630000000099N220319000000000000000050000000000000000000000000000000000000000000000100081631804120LUCILENE MARIA PIASON                   RUA REVERENDO MARTIN LUTHER KING, 234 JA            79062560                                                            000014
100000 000000000000 00090345100325490REGTIT31063037380414     0002020000005960093400000000002N           2  02000596009310031900000000150000000000099N031218000000000000000200000000000000000000000000000000000000000000000100027679872864SUELY PEREIRA                           PARANAGUA, 142 CASA AMADOR BUENO ITAPEVI            06680390                                                            000015
100000 000000000000 00090345100325490REGTIT31063270750020     0002020000005995139700000000002N           2  01000599513915041900000000107630000000099N220319000000000000000070000000000000000000000000000000000000000000000100099824213104APARECIDA DA CONCEIÇÃO OLIVEIRA FLORES  PAULO REYNO DE OLIVEIRA, 205 EDSON BRITO            79062577                                                            000016
100000 000000000000 00090345100325490REGTIT31063270750020     0002020000005995140000000000002N           2  01000599514015051900000000107630000000099N220319000000000000000070000000000000000000000000000000000000000000000100099824213104APARECIDA DA CONCEIÇÃO OLIVEIRA FLORES  PAULO REYNO DE OLIVEIRA, 205 EDSON BRITO            79062577                                                            000017
100000 000000000000 00090345100325490REGTIT31064162869242     0002020000005977543200000000002N           2  02000597754320031900000000040250000000099N260119000000000000000030000000000000000000000000000000000000000000000100002373067196CINDY ROCHA EUGENIO                     QR615  CONJ10  CASA, 20 NORTE SAMAMBAIA             72331811                                                            000018
100000 000000000000 00090345100325490REGTIT31064224998003     0002020000005966045700000000002N           2  02000596604507031900000000320000000000099N081218000000000000000430000000000000000000000000000000000000000000000100004139173122JESSICA PEREIRA DE LIMA SENA            RUA 24 QD 15 LT 17, S|N QD15 LT 17 SETOR            74970000                                                            000019
100000 000000000000 00090345100325490REGTIT31064382785889     0002020000005995213P00000000002N           2  01000599521315041900000000077630000000099N220319000000000000000050000000000000000000000000000000000000000000000100001044811102REIDIANE PAIS DE SOUZA                  MANOEL DIAS PIMENTEL JUNIOR, 215 JD CAMP            79062215                                                            000020
100000 000000000000 00090345100325490REGTIT31064382785889     0002020000005995214800000000002N           2  01000599521415051900000000077630000000099N220319000000000000000050000000000000000000000000000000000000000000000100001044811102REIDIANE PAIS DE SOUZA                  MANOEL DIAS PIMENTEL JUNIOR, 215 JD CAMP            79062215                                                            000021
100000 000000000000 00090345100325490REGTIT31065043275662     0002020000005995238500000000002N           2  01000599523815041900000000069000000000099N220319000000000000000050000000000000000000000000000000000000000000000100094135797172VANUSA NATAL SANTOS                     RUA RUBENS GARCIA DIAS, 113 JARDIM INDIA            79062221                                                            000022
100000 000000000000 00090345100325490REGTIT31065043275662     0002020000005995239300000000002N           2  01000599523915051900000000069000000000099N220319000000000000000050000000000000000000000000000000000000000000000100094135797172VANUSA NATAL SANTOS                     RUA RUBENS GARCIA DIAS, 113 JARDIM INDIA            79062221                                                            000023
100000 000000000000 00090345100325490REGTIT31065570973298     0002020000005927839000000000002N           2  02000592783920031900000000090000000000099N210818000000000000000060000000000000000000000000000000000000000000000100070817310401GABRIELA  BEZERRA  DA  SILVA            RUA  05, N 120 PORTO  DA  ILHA PETROLINA            56300000                                                            000024
100000 000000000000 00090345100325490REGTIT31065940778247     0002020000005995131100000000002N           2  01000599513115041900000000077630000000099N220319000000000000000050000000000000000000000000000000000000000000000100000040125181ROSANGELA DO CARMO FARIAS               RUA ORLINDA GONDIM MARTINS, 147 JARDIM M            79063260                                                            000025
100000 000000000000 00090345100325490REGTIT31065940778247     0002020000005995132P00000000002N           2  01000599513215051900000000077630000000099N220319000000000000000050000000000000000000000000000000000000000000000100000040125181ROSANGELA DO CARMO FARIAS               RUA ORLINDA GONDIM MARTINS, 147 JARDIM M            79063260                                                            000026
100000 000000000000 00090345100325490REGTIT31066153531082     0002020000005995163P00000000002N           2  01000599516315041900000000077630000000099N220319000000000000000050000000000000000000000000000000000000000000000100000794690190KARINA DA SILVA LEANDRO PEREIRA         CARAVELAS, 186 CAMPO ALTO CAMPO GRANDE M            79062231                                                            000027
100000 000000000000 00090345100325490REGTIT31066153531082     0002020000005995164800000000002N           2  01000599516415051900000000077630000000099N220319000000000000000050000000000000000000000000000000000000000000000100000794690190KARINA DA SILVA LEANDRO PEREIRA         CARAVELAS, 186 CAMPO ALTO CAMPO GRANDE M            79062231                                                            000028
100000 000000000000 00090345100325490REGTIT31066208402924     0002020000005959512400000000002N           2  02000595951228021900000000164880000000099N291118000000000000000110000000000000000000000000000000000000000000000100004242030908NAIR BATISTA FERRAZ MATIAK              PRIMITIVA BARNABE BRESCIANI, AO LADO 27             84060580                                                            000029
100000 000000000000 00090345100325490REGTIT31066208402924     0002020000005959513200000000002N           2  02000595951328031900000000164880000000099N291118000000000000000110000000000000000000000000000000000000000000000100004242030908NAIR BATISTA FERRAZ MATIAK              PRIMITIVA BARNABE BRESCIANI, AO LADO 27             84060580                                                            000030
100000 000000000000 00090345100325490REGTIT31066221078634     0002020000005902926900000000002N           2  02000590292608031900000000230000000000099N110618000000000000000150000000000000000000000000000000000000000000000100019038211856MARCOS DONIZETE PAULELA                 ANTENOR ROZINELLI, 117 JARDIM SAN MARINO            13453476                                                            000031
100000 000000000000 00090345100325490REGTIT31066441697656     0002020000005948451900000000002N           2  02000594845120031900000000081670000000099N221018000000000000000050000000000000000000000000000000000000000000000100000975949896NASCIMENTO  JOSE  DA  SILVA             RUA  17, N  17 QUATI  2 PETROLINA PE                56300000                                                            000032
100000 000000000000 00090345100325490REGTIT31066532542908     0002020000005995196600000000002N           2  01000599519615041900000000077630000000099N220319000000000000000050000000000000000000000000000000000000000000000100048110477100MARIO SILVA                             RUA THOMAZ ALVA EDSON, 07 CASA JARDIM CA            79062190                                                            000033
100000 000000000000 00090345100325490REGTIT31066532542908     0002020000005995197400000000002N           2  01000599519715051900000000077630000000099N220319000000000000000050000000000000000000000000000000000000000000000100048110477100MARIO SILVA                             RUA THOMAZ ALVA EDSON, 07 CASA JARDIM CA            79062190                                                            000034
100000 000000000000 00090345100325490REGTIT31066542525278     0002020000005995147800000000002N           2  01000599514715041900000000077630000000099N220319000000000000000050000000000000000000000000000000000000000000000100049696734115ANGELA JUANA VILLARROEL ENCINAS FERNANDERUA PASCHOAL GARCIA, 16 JARDIM CAMPINA V            79062216                                                            000035
100000 000000000000 00090345100325490REGTIT31066542525278     0002020000005995148600000000002N           2  01000599514815051900000000077630000000099N220319000000000000000050000000000000000000000000000000000000000000000100049696734115ANGELA JUANA VILLARROEL ENCINAS FERNANDERUA PASCHOAL GARCIA, 16 JARDIM CAMPINA V            79062216                                                            000036
100000 000000000000 00090345100325490REGTIT31066587228621     0002020000005995179600000000002N           2  01000599517922041900000000493000000000099N220319000000000000000330000000000000000000000000000000000000000000000282385485000143BASALTO CONSTRUCAO E PAVIMENTACAO LTDA  COMENDADOR JACQUES VAN ERVEN, 538 PORTAO            81070120                                                            000037
100000 000000000000 00090345100325490REGTIT31066704749324     0002020000005978364800000000002N           2  02000597836405031900000000262000000000099N040219000000000000000170000000000000000000000000000000000000000000000100026988968172ANAIR XAVIER DE DEUS                    ARACARI, 0 Q 50 LT 14 CASA 2 COLINA AZUL            74909000                                                            000038
100000 000000000000 00090345100325490REGTIT31067021390981     0002020000005986222P00000000002N           2  02000598622227031900000000415000000000099N270219000000000000000550000000000000000000000000000000000000000000000100097840840159RAIMUNDA LACERDA ARAUJO                 RUA 12 QD 18 LT 12, s|n Q15 LT22 INDEPEN            74967100                                                            000039
100000 000000000000 00090345100325490REGTIT31067374686470     0002020000005993444100000000002N           2  02000599344420031900000000799990000000099N180319000000000000000530000000000000000000000000000000000000000000000100071040323120VALDIR COSTA VIEIRA                     QR 415 CONJ 05 CS 29, 29 NORTE BRASILIA             72000000                                                            000040
100000 000000000000 00090345100325490REGTIT31067669070180     0002020000005985508800000000002N           2  02000598550820031900000000071230000000099N200219000000000000000050000000000000000000000000000000000000000000000100002000716962MARIA VICENTE BARBOSA                   QUADRA 2 LOTE 13, LOTE13 BAIXADA DA AREI            87170000                                                            000041
100000 000000000000 00090345100325490REGTIT31067813990198     0002020000005995230P00000000002N           2  01000599523015041900000000077630000000099N220319000000000000000050000000000000000000000000000000000000000000000100002165410185ELAINE M.DOS SANTOS                     MARIA VIRGINIA PIMENTEL, 819 CAMPO ALTO             79062550                                                            000042
100000 000000000000 00090345100325490REGTIT31067813990198     0002020000005995231800000000002N           2  01000599523115051900000000077630000000099N220319000000000000000050000000000000000000000000000000000000000000000100002165410185ELAINE M.DOS SANTOS                     MARIA VIRGINIA PIMENTEL, 819 CAMPO ALTO             79062550                                                            000043
100000 000000000000 00090345100325490REGTIT31068229263168     0002020000005978623P00000000002N           2  02000597862315031900000000130000000000099N060219000000000000000090000000000000000000000000000000000000000000000100001798074206CARLA MICHELLE MATOS GOMES              CORONEL JUVENCIO SARMENTO, 1274 PONTA GR            66812490                                                            000044
100000 000000000000 00090345100325490REGTIT31068916571926     0002020000005928487000000000002N           2  02000592848705031900000000100000000000099N240818000000000000000070000000000000000000000000000000000000000000000100003166497595RITA DE CASSIA DOS SANTOS               RUA: O, 21 QUADRA D PROJETO N 4 PETROLIN            56300000                                                            000045
100000 000000000000 00090345100325490REGTIT31069129801856     0002020000005969823300000000002N           2  02000596982320031900000000154000000000099N080119000000000000000100000000000000000000000000000000000000000000000100025482177874NERON GAVIAO                            JOAO TONON, 886 VILA BELA GUARAPUAVA PR             85027050                                                            000046
100000 000000000000 00090345100325490REGTIT31069510050424     0002020000005970271000000000002N           2  02000597027120031900000000134880000000099N100119000000000000000090000000000000000000000000000000000000000000000100011431930911FERNANDA CRISTINA MARTINS OLIVEIRA      SETE DE SETEMBRO, 718 CENTRO PONTA GROSS            84010350                                                            000047
9                                                                                                                                                                                                                                                                                                                                                                                                         000048