01REMESSA01COBRANCA       00000000000004972103WC SISTEMAS E EQUIPAMENTOS DE 237BRADESCO       110319        MX0002610                                                                                                                                                                                                                                                                                     000001
100000 000000000000 00090345100240370REGTIT26101902061611     0002020000005979938200000000002N           2  02190206161128021900000000181690000000099N080219000000000000000270000000000000000000000000000000000000000000000207699881000120ELISABETH ALMEIDA CONFECCOES ME         RUA CURIANGO, 200                                   86084730                                                            000002
100000 000000000000 00090345100240370REGTIT26101902071671     0002020000005982882P00000000002N           2  02190207167128021900000000080000000000099N080219000000000000000120000000000000000000000000000000000000000000000223254653000100ROBSON LUIZ GONCALVES ME                RUA MINISTRO GABRIEL PASSO , 78                     81520620                                                            000003
9                                                                                                                                                                                                                                                                                                                                                                                                         000004