01REMESSA01COBRANCA       00000000000004852239ISPCN                         237BRADESCO       270319        MX0003134                                                                                                                                                                                                                                                                                     000001
100000 000000000000 00090345100325490REGTIT31341443441580     0002020000005937350400000000002N           2  02000593735013031900000000075000000000099N140918000000000000000050000000000000000000000000000000000000000000000100092721320530JOSÉ MARQUES BRANDÃO NETO               RUA 05, 10 JARDIM FLORIDA  JUAZEIRO  BA             56300000                                                            000002
100000 000000000000 00090345100325490REGTIT31341887349196     0002020000005995840500000000002N           2  01000599584027041900000000495000000000099N270319000000000000000330000000000000000000000000000000000000000000000100006172103571JAMILLE PEREIRA FARIAS DOS SANTOS       RUA OTUSCO, 23 JARDIM IPE  SAO PAULO SP             05797430                                                            000003
100000 000000000000 00090345100325490REGTIT31342226043235     0002020000005995845600000000002N           2  01000599584505041900000000031500000000099N270319000000000000000020000000000000000000000000000000000000000000000231199926000181JULIANA WEINSHUTZ SWIECH                DO REDENTOR, 13 EM FRENTE AO CEMITERIO M            80520010                                                            000004
100000 000000000000 00090345100325490REGTIT31342285805613     0002020000005995836700000000002N           2  01000599583627041900000002480000000000099N270319000000000000001650000000000000000000000000000000000000000000000100016591419829ROGERIO BATISTA DA SILVA                RUA MERCEDES NESSER SABBAG, 320,  PARQUE            05851300                                                            000005
100000 000000000000 00090345100325490REGTIT31342566776263     0002020000005995838300000000002N           2  01000599583827041900000001075000000000099N270319000000000000000720000000000000000000000000000000000000000000000100080988393891DERCI MARTINS DE SOUZA                  RUA FERNANDO SANABRIA, 210 JARDIM UMUARA            05783050                                                            000006
100000 000000000000 00090345100325490REGTIT31342637887054     0002020000005995841300000000002N           2  01000599584108041900000000356110000000099N270319000000000000000240000000000000000000000000000000000000000000000229261471000135FRIGORIFICO TOPBEEF LTDA                PREFEITO RAFAEL GIL, 421 PARQUE IND. CAC            86690000                                                            000007
100000 000000000000 00090345100325490REGTIT31342637887054     0002020000005995842100000000002N           2  01000599584218041900000000356110000000099N270319000000000000000240000000000000000000000000000000000000000000000229261471000135FRIGORIFICO TOPBEEF LTDA                PREFEITO RAFAEL GIL, 421 PARQUE IND. CAC            86690000                                                            000008
100000 000000000000 00090345100325490REGTIT31343464478651     0002020000005965859200000000002N           2  02000596585905031900000000120000000000099N071218000000000000000080000000000000000000000000000000000000000000000100002665712202ARIELLY CRISTINA DE ANDRADE SERRA       SANTA ISABEL, 697 CRUZEIRO (ICOARACI) BE            66810090                                                            000009
100000 000000000000 00090345100325490REGTIT31344291471665     0002020000005995833200000000002N           2  01000599583327041900000004052000000000099N270319000000000000002700000000000000000000000000000000000000000000000100007575401806FRANCISCA ELISABETE LOPES DE SOUZA      RUA ARMANDO MAS LEITE,,, -, 21  JARDIM I            05797000                                                            000010
100000 000000000000 00090345100325490REGTIT31344396693056     0002020000005995844800000000002N           2  01000599584427041900000000300000000000099N270319000000000000000200000000000000000000000000000000000000000000000100046990704691ANTONIO CELSO DE ARAUJO                 RUA APA,, 13 JD CASA BRANCA EMBU SP                 06810420                                                            000011
100000 000000000000 00090345100325490REGTIT31344587654893     0002020000005979057100000000002N           2  02000597905728031900000000045000000000099N080219000000000000000030000000000000000000000000000000000000000000000100025535442860MARIA JOSE MARTINS                      RUA DOZE, 101 JARDIM ALVORADA MONTE MOR             13190000                                                            000012
100000 000000000000 00090345100325490REGTIT31344859865316     0002020000005959187000000000002N           2  02000595918728021900000000122500000000099N281118000000000000000080000000000000000000000000000000000000000000000100005973028470CLEZILDA LAYS RODRIGUES DA COSTA        RUA FURNA, S|N PONTA DA SERRA PETROLINA             56300000                                                            000013
100000 000000000000 00090345100325490REGTIT31345018455108     0002020000005995834000000000002N           2  01000599583415041900000000229640000000099N270319000000000000000150000000000000000000000000000000000000000000000205148530000103CONDOMINIO TERRA VILLE -BELEM NOVO GOLF ,  VILA NOVA PORTO ALEGRE RS                        91750060                                                            000014
100000 000000000000 00090345100325490REGTIT31345396775379     0002020000005995847200000000002N           2  01000599584727041900000001300000000000099N270319000000000000000870000000000000000000000000000000000000000000000100002339321867VERA LUCIA DE OLIVEIRA MESQUITA         RUA CASTANHO MIRIM, 491 CASA 1 PARQUE RE            05735050                                                            000015
100000 000000000000 00090345100325490REGTIT31346906776444     0002020000005957791600000000002N           2  02000595779120031900000000170000000000099N201118000000000000000110000000000000000000000000000000000000000000000100081844395200ELZIMARI RODRIGUES FIEL                 DAS PAMPOLAS  CONJUNTO: JARDIM RENASCENT            66825280                                                            000016
100000 000000000000 00090345100325490REGTIT31347260228022     0002020000005984591000000000002N           2  02000598459110031900000000264000000000099N130219000000000000000180000000000000000000000000000000000000000000000100083298584991AURO LEANDRO VAZ                        MANOEL MARASSATI, 77 SAO SEBASTIAO SAO J            83075178                                                            000017
100000 000000000000 00090345100325490REGTIT31347282528695     0002020000005959223000000000002N           2  02000595922328021900000000130000000000099N281118000000000000000090000000000000000000000000000000000000000000000100026417477827MARIA AP DE SOUZA SOARES                ANTONIO BATAGIN, 97 PARQUE ELDORADO SANT            13458469                                                            000018
100000 000000000000 00090345100325490REGTIT31347553346815     0002020000005950406400000000002N           2  02000595040615031900000000056250000000099N051118000000000000000040000000000000000000000000000000000000000000000100007455975481FRANCISCA LAIANE ALVES DA SILVA         19, 251 JARDIM GUANABARA  PETROLINA  PE             56300000                                                            000019
100000 000000000000 00090345100325490REGTIT31347561714752     0002020000005967172600000000002N           2  02000596717227031900000000044100000000099N141218000000000000000030000000000000000000000000000000000000000000000100008778073960ADAILTON DO NASCIMENTO MENEZES          PIONEIRO MIGUEL ELVIRA, 13 CONJ AMADO OU            87170000                                                            000020
100000 000000000000 00090345100325490REGTIT31348180810585     0002020000005995827800000000002N           2  01000599582725041900000000238180000000099N270319000000000000000160000000000000000000000000000000000000000000000100002376454166HELLEN CARLA COSTA FERREIRA             CHACARA, 7D PADRE LUCIO AGUAS LINDAS DE             72910000                                                            000021
100000 000000000000 00090345100325490REGTIT31348180810585     0002020000005995828600000000002N           2  01000599582825051900000000238180000000099N270319000000000000000160000000000000000000000000000000000000000000000100002376454166HELLEN CARLA COSTA FERREIRA             CHACARA, 7D PADRE LUCIO AGUAS LINDAS DE             72910000                                                            000022
100000 000000000000 00090345100325490REGTIT31348908830558     0002020000005956773200000000002N           2  02000595677307031900000000161580000000099N121118000000000000000110000000000000000000000000000000000000000000000100082528020449RITA ANA RODRIGUES                      AVENIDA 2, 70 MANDACARU  PETROLINA  PE              56300000                                                            000023
100000 000000000000 00090345100325490REGTIT31349844568595     0002020000005995826P00000000002N           2  01000599582627041900000004125000000000099N270319000000000000002750000000000000000000000000000000000000000000000100021723529850OTRAN DE JESUS                          RUA CANAA, 3 CHACARA FLORA SAO PAULO  SP            04849513                                                            000024
9                                                                                                                                                                                                                                                                                                                                                                                                         000025