01REMESSA01COBRANCA       00000000000004972103WC SISTEMAS E EQUIPAMENTOS DE 237BRADESCO       110319        MX0002609                                                                                                                                                                                                                                                                                     000001
100000 000000000000 00090345100240370REGTIT26091902046619     0002020000005979610300000000002N           2  02190204661928021900000000189700000000099N080219000000000000000280000000000000000000000000000000000000000000000207188465000167CLINICA ODONTOLOGICA PERSONAL LTDA - ME RUA DOS PIONEIROS, 1131                             81910080                                                            000002
9                                                                                                                                                                                                                                                                                                                                                                                                         000003