01REMESSA01COBRANCA       00000000000004852239ISPCN                         237BRADESCO       200319        MX0003078                                                                                                                                                                                                                                                                                     000001
100000 000000000000 00090345100325490REGTIT30782872743755     0002020000005993978800000000002N           2  01000599397820041900000002000000000000099N200319000000000000001330000000000000000000000000000000000000000000000100000039129497MANOEL JOSE DE ANDRADE                  DA PONTE, 129 CHACARA SANTA MARIA COTIA             06720260                                                            000002
100000 000000000000 00090345100325490REGTIT30783479793253     0002020000005900251400000000002N           2  02000590025128021900000000085000000000099N290518000000000000000060000000000000000000000000000000000000000000000100002160796409GRACIANE PEREIRA DE ARAUJO              RUA:JADE, N:570 PEDRA LINDA PETROLINA PE            56300000                                                            000003
100000 000000000000 00090345100325490REGTIT30783492304612     0002020000005993985000000000002N           2  01000599398520041900000000180000000000099N200319000000000000000120000000000000000000000000000000000000000000000100003817924550THIAGO PORTO SILVA                      ABELARDO ALENCAR, S|N CENTRO SAO DESIDER            47820000                                                            000004
100000 000000000000 00090345100325490REGTIT30785603064215     0002020000005957522000000000002N           2  02000595752210031900000000100000000000099N171118000000000000000070000000000000000000000000000000000000000000000100009910385414JEFFERSON CLEITON SOUZA DE AMORIM       RUA JOSE GINIVALDO NASCIMENTO, 70 JOAO D            56300000                                                            000005
100000 000000000000 00090345100325490REGTIT30785702000877     0002020000005993987700000000002N           2  01000599398720041900000000460000000000099N200319000000000000000310000000000000000000000000000000000000000000000100050393049515GEOVANE GONCALVES DA SILVA              DR. VALERIO  BRITO, 135 CENTRO SAO DESID            47820000                                                            000006
100000 000000000000 00090345100325490REGTIT30786155200000     0002020000005968417800000000002N           2  02000596841715031900000000185000000000099N211218000000000000000120000000000000000000000000000000000000000000000100040157008215MARIA IZABEL MONTEIRO SOEIRO            BACURIZINHO (SALVATERRA), 000 MARAJO  BE            66886000                                                            000007
100000 000000000000 00090345100325490REGTIT30786306191844     0002020000005993988500000000002N           2  01000599398820041900000000075000000000099N200319000000000000000050000000000000000000000000000000000000000000000100006425304596WALERYA PATRYNE GOMES DOS SANTOS        PLENARIO DIAS GUIMARAES, 226 CENTRO SAO             47820000                                                            000008
100000 000000000000 00090345100325490REGTIT30786434514890     0002020000005976353100000000002N           2  02000597635319021900000000032800000000099N190119000000000000000020000000000000000000000000000000000000000000000100001621024962LINDIOMAR PEDRO DE OLIVEIRA             BELA VISTA, 0 CENTRO OURIZONA PR                    87100000                                                            000009
100000 000000000000 00090345100325490REGTIT30786434514890     0002020000005976354P00000000002N           2  02000597635419031900000000032800000000099N190119000000000000000020000000000000000000000000000000000000000000000100001621024962LINDIOMAR PEDRO DE OLIVEIRA             BELA VISTA, 0 CENTRO OURIZONA PR                    87100000                                                            000010
100000 000000000000 00090345100325490REGTIT30786604474973     0002020000005937585P00000000002N           2  02000593758515031900000000058350000000099N150918000000000000000040000000000000000000000000000000000000000000000100014853442472GENIVALDO  CORDEIRO  DOS  SANTOS        AVENIDA  MARECHAL HERMEM DA  FONSECA, N             56300000                                                            000011
100000 000000000000 00090345100325490REGTIT30787436586374     0002020000005993986900000000002N           2  01000599398620041900000000190000000000099N200319000000000000000130000000000000000000000000000000000000000000000100001054751579MARLENE VIERA DA SILVA                  POVOADO RIACHO DE PEDRA, S|N CENTRO SAO             47820000                                                            000012
100000 000000000000 00090345100325490REGTIT30787614407738     0002020000005948600700000000002N           2  02000594860017031900000000075000000000099N231018000000000000000050000000000000000000000000000000000000000000000100004296975463HELENO BENICIO DE LIMA                  RUA: 05, 21 PROJETO N 03 PETROLINA PE               56300000                                                            000013
9                                                                                                                                                                                                                                                                                                                                                                                                         000014