01REMESSA01COBRANCA       00000000000004852239ISPCN                         237BRADESCO       120319        MX0003015                                                                                                                                                                                                                                                                                     000001
100000 000000000000 00090345100325490REGTIT30151313575717     0002020000005975868600000000002N           2  02000597586815031900000000104700000000099N150119000000000000000070000000000000000000000000000000000000000000000100081678711268LUCILENE DA SILVA FLORENCIO             BELA VISTA, 466 CENTRO OURIZONA PR                  87170000                                                            000002
100000 000000000000 00090345100325490REGTIT30151932894127     0002020000005939359900000000002N           2  02000593935915031900000000140000000000099N270918000000000000000090000000000000000000000000000000000000000000000100028694988453BERNADETE DA CRUZ FERREIRA              RUA: CASTRO ALVES, 245 CENTRO  PETROLINA            56300000                                                            000003
100000 000000000000 00090345100325490REGTIT30152093608118     0002020000005985472300000000002N           2  02000598547219031900000000041900000000099N190219000000000000000030000000000000000000000000000000000000000000000100082761736915IVONE CALOBRIZZI CORREA                 ATLAS, 1885 CASA CENTRO OURIZONA PR                 87170000                                                            000004
100000 000000000000 00090345100325490REGTIT30152164950552     0002020000005950979100000000002N           2  02000595097906031900000000158330000000099N071118000000000000000110000000000000000000000000000000000000000000000100047212128449MARIA IRENE DOS SANTOS SILVA            RUA DO UMBUZEIRO, 15 AREIA BRANCA PETROL            56300000                                                            000005
100000 000000000000 00090345100325490REGTIT30152247302035     0002020000005940953300000000002N           2  02000594095312021900000000031650000000099N051018000000000000000020000000000000000000000000000000000000000000000100075955326987CLARICE RODRIGUES DOS SANTOS            GUATEMALA, 647 CENTRO OURIZONA PR                   87170000                                                            000006
100000 000000000000 00090345100325490REGTIT30153374046766     0002020000005965840100000000002N           2  02000596584010031900000000500000000000099N071218000000000000000330000000000000000000000000000000000000000000000100012341386890ANTONIO CARLOS RICCI                    AMERICANA, 462 RESIDENCIAL SAO JOAQUIM S            13452025                                                            000007
100000 000000000000 00090345100325490REGTIT30153518480530     0002020000005928926000000000002N           2  02000592892613031900000001000000000000099N270818000000000000000670000000000000000000000000000000000000000000000100001654673986ERLIA REGINA PITANTE BARDDALL           CORONEL MACHADO LOPES, 1056 JARDIM SANTA            83302250                                                            000008
100000 000000000000 00090345100325490REGTIT30155310294346     0002020000005969349500000000002N           2  02000596934910031900000000230000000000099N040119000000000000000150000000000000000000000000000000000000000000000100047384735904DIRCIONIL PEREIRA CAMPOS                RICARDO EUGENIO GRAESER, 101 CASA TATUQU            81480135                                                            000009
100000 000000000000 00090345100325490REGTIT30156748754079     0002020000005969789P00000000002N           2  02000596978910031900000000107400000000099N080119000000000000000070000000000000000000000000000000000000000000000100082761736915IVONE CALOBRIZZI CORREA                 ATLAS, 1885 CASA CENTRO OURIZONA PR                 87170000                                                            000010
100000 000000000000 00090345100325490REGTIT30157269967326     0002020000005975675600000000002N           2  02000597567510031900000000200000000000099N150119000000000000000130000000000000000000000000000000000000000000000100033592643800ANA PAULA AP CAMPOS                     VALENCIA, 155 BL 22 APT 403 JARDIM BERTO            13478779                                                            000011
100000 000000000000 00090345100325490REGTIT30157489471269     0002020000005916804800000000002N           2  02000591680410031900000000200000000000099N120718000000000000000130000000000000000000000000000000000000000000000100028048582864LUCY DALVA DOS SANTOS OLIVEIRA          PROFETA JEREMIAS, 794 LAUDISSE SBO SP               13450000                                                            000012
100000 000000000000 00090345100325490REGTIT30157600606195     0002020000005930086800000000002N           2  02000593008628021900000000116670000000099N310818000000000000000080000000000000000000000000000000000000000000000100010251657485FELIPE EDSON FONSECA DA SILVA           RUA 17, 81 FERNANDO IDALINO BEERRA PETRO            56300000                                                            000013
100000 000000000000 00090345100325490REGTIT30158219629418     0002020000005958448300000000002N           2  02000595844808031900000000261750000000099N231118000000000000000170000000000000000000000000000000000000000000000100069662266100FAYDA ALESSANDRA ARAUJO DE OLIVEIRA     29 LOTE, 22 JARDIM DA BARRAGEM V AGUAS L            72920764                                                            000014
100000 000000000000 00090345100325490REGTIT30158220110221     0002020000005976523200000000002N           2  02000597652320031900000000120000000000099N210119000000000000000080000000000000000000000000000000000000000000000100056977972220SIMONE DO SOCORRO DA SILVA OLIVEIRA     CORONEL JUVENCIO SARMENTO, 9 CRUZEIRO (I            66810080                                                            000015
100000 000000000000 00090345100325490REGTIT30158478748641     0002020000005975984400000000002N           2  02000597598405031900000000286670000000099N160119000000000000000190000000000000000000000000000000000000000000000100001353913260NATHASKA LORRANA SANTIAGO DA ROCHA      QUINZE DE AGOSTO, 249 ALAMEDA JOINVILLE             66810070                                                            000016
100000 000000000000 00090345100325490REGTIT30158606999789     0002020000005969887P00000000002N           2  02000596988709031900000000100000000000099N090119000000000000000070000000000000000000000000000000000000000000000100047384735904DIRCIONIL PEREIRA CAMPOS                RICARDO EUGENIO GRAESER, 101 CASA TATUQU            81480135                                                            000017
100000 000000000000 00090345100325490REGTIT30158701121927     0002020000005960678900000000002N           2  02000596067806031900000000163330000000099N061218000000000000000110000000000000000000000000000000000000000000000100074359878249DEREK FABIO DOS SANTOS BENTES           JULIO GOMES, 439 CAMPINA DE ICOARACI (IC            66813050                                                            000018
100000 000000000000 00090345100325490REGTIT30158716869776     0002020000005975706P00000000002N           2  02000597570610031900000000220000000000099N150119000000000000000150000000000000000000000000000000000000000000000100010480099200MARIA NATALINA DA SILVA OLIVEIRA        ENEAS COSTA (JD NOVA ESPERANCA), 30 Q 22            67120405                                                            000019
100000 000000000000 00090345100325490REGTIT30158872813367     0002020000005949690800000000002N           2  02000594969028021900000000340000000000099N291018000000000000000230000000000000000000000000000000000000000000000100040225348934MARIA NATALINA DE LIZ                   CAMPO NOVO, 0 CASA CAMPO NOVO CAMPO MAGR            83535000                                                            000020
100000 000000000000 00090345100325490REGTIT30159002612626     0002020000005966502500000000002N           2  02000596650215031900000000170000000000099N111218000000000000000110000000000000000000000000000000000000000000000100044050763249EUNICE COSTA CALANDRINI                 CACHOEIRA DO ARARI ( CHIPAIA), 00 MARAJO            68840000                                                            000021
100000 000000000000 00090345100325490REGTIT30159723365219     0002020000005979010500000000002N           2  02000597901005031900000000999000000000099N080219000000000000000670000000000000000000000000000000000000000000000100033369128810JOELMA ALMEIDA DOS SANTOS               WERNER GOLDBERG, 77 BLOCO GAIVOTA  AP 26            06414025                                                            000022
100000 000000000000 00090345100325490REGTIT30159784947323     0002020000005976585200000000002N           2  02000597658510031900000000376670000000099N210119000000000000000250000000000000000000000000000000000000000000000100000398651264ANDRESSA BIANCA MATOS GOMES             CORONEL JUVENCIO SARMENTO, 1274 PONTA GR            66812490                                                            000023
9                                                                                                                                                                                                                                                                                                                                                                                                         000024