01REMESSA01COBRANCA       00000000000004852239ISPCN                         237BRADESCO       200319        MX0003077                                                                                                                                                                                                                                                                                     000001
100000 000000000000 00090345100325490REGTIT30771246924305     0002020000005993966400000000002N           2  01000599396620041900000001475550000000099N200319000000000000000980000000000000000000000000000000000000000000000100066737486800OSVALDO ANTONIO DOS SANTOS              , 409 VILA SANTA CATARINA SÃO PAULO SP              04376040                                                            000002
100000 000000000000 00090345100325490REGTIT30772174480416     0002020000005993959100000000002N           2  01000599395920041900000000999990000000099N200319000000000000000670000000000000000000000000000000000000000000000100024924125806NIVALDO DE JESUS                        VINHO DO PORTO, 152 JARDIM MITSUTANI SÃO            05791270                                                            000003
100000 000000000000 00090345100325490REGTIT30773479793253     0002020000005900251400000000002N           2  02000590025128021900000000085000000000099N290518000000000000000060000000000000000000000000000000000000000000000100002160796409GRACIANE PEREIRA DE ARAUJO              RUA:JADE, N:570 PEDRA LINDA PETROLINA PE            56300000                                                            000004
100000 000000000000 00090345100325490REGTIT30773838462336     0002020000005993964800000000002N           2  01000599396420041900000002580000000000099N200319000000000000001720000000000000000000000000000000000000000000000100021901101819ORESTES SANTINO DA LIMA ALFREDO         DAS POESIAS, 546 JARDIM NOVA VIDA  COTIA            06702335                                                            000005
100000 000000000000 00090345100325490REGTIT30773942006420     0002020000005993971000000000002N           2  01000599397117041900000000144920000000099N200319000000000000000100000000000000000000000000000000000000000000000200681748000105ABEL SANTOS DA SILVA  ME                BR 116, km16755 BR 116 AREA RURAL GUAIBA            92500000                                                            000006
100000 000000000000 00090345100325490REGTIT30775603064215     0002020000005957522000000000002N           2  02000595752210031900000000100000000000099N171118000000000000000070000000000000000000000000000000000000000000000100009910385414JEFFERSON CLEITON SOUZA DE AMORIM       RUA JOSE GINIVALDO NASCIMENTO, 70 JOAO D            56300000                                                            000007
100000 000000000000 00090345100325490REGTIT30776155200000     0002020000005968417800000000002N           2  02000596841715031900000000185000000000099N211218000000000000000120000000000000000000000000000000000000000000000100040157008215MARIA IZABEL MONTEIRO SOEIRO            BACURIZINHO (SALVATERRA), 000 MARAJO  BE            66886000                                                            000008
100000 000000000000 00090345100325490REGTIT30776434514890     0002020000005976353100000000002N           2  02000597635319021900000000032800000000099N190119000000000000000020000000000000000000000000000000000000000000000100001621024962LINDIOMAR PEDRO DE OLIVEIRA             BELA VISTA, 0 CENTRO OURIZONA PR                    87100000                                                            000009
100000 000000000000 00090345100325490REGTIT30776434514890     0002020000005976354P00000000002N           2  02000597635419031900000000032800000000099N190119000000000000000020000000000000000000000000000000000000000000000100001621024962LINDIOMAR PEDRO DE OLIVEIRA             BELA VISTA, 0 CENTRO OURIZONA PR                    87100000                                                            000010
100000 000000000000 00090345100325490REGTIT30776604474973     0002020000005937585P00000000002N           2  02000593758515031900000000058350000000099N150918000000000000000040000000000000000000000000000000000000000000000100014853442472GENIVALDO  CORDEIRO  DOS  SANTOS        AVENIDA  MARECHAL HERMEM DA  FONSECA, N             56300000                                                            000011
100000 000000000000 00090345100325490REGTIT30777484766575     0002020000005993968000000000002N           2  01000599396820041900000000360000000000099N200319000000000000000240000000000000000000000000000000000000000000000100008604107819MARCELO ARTURO SANTOS                   ABILHEIRA, 215 JARDIM MITSUTANI SAO PAUL            05791020                                                            000012
100000 000000000000 00090345100325490REGTIT30777614407738     0002020000005948600700000000002N           2  02000594860017031900000000075000000000099N231018000000000000000050000000000000000000000000000000000000000000000100004296975463HELENO BENICIO DE LIMA                  RUA: 05, 21 PROJETO N 03 PETROLINA PE               56300000                                                            000013
100000 000000000000 00090345100325490REGTIT30777635742301     0002020000005993970200000000002N           2  01000599397020041900000001600000000000099N200319000000000000001070000000000000000000000000000000000000000000000100009266866822MARCIA OLIVEIRA CAMPOS                  CARUBINHA, 70 PARQUE ESMERALDA SAO PAULO            05784040                                                            000014
9                                                                                                                                                                                                                                                                                                                                                                                                         000015