01REMESSA01COBRANCA       00000000000004972103WC SISTEMAS E EQUIPAMENTOS DE 237BRADESCO       060319        MX0002591                                                                                                                                                                                                                                                                                     000001
100000 000000000000 00090345100240370REGTIT25911902072746     0002020000005983689P00000000002N           2  02190207274628021900000000079900000000099N080219000000000000000120000000000000000000000000000000000000000000000218756366000150RAUL CEZAR CALSAVARA 06560596990        R SANTA CATARINA, 2033                              87303170                                                            000002
9                                                                                                                                                                                                                                                                                                                                                                                                         000003