01REMESSA01COBRANCA       00000000000004852239ISPCN                         237BRADESCO       250319        MX0003117                                                                                                                                                                                                                                                                                     000001
100000 000000000000 00090345100325490REGTIT31172003755643     0002020000005994238P00000000002N           2  02000599423820041900000000700000000000099N210319000000000000000470000000000000000000000000000000000000000000000203846642000285JATINOX                                 AVENIDA DOS PINHEIRAIS, 2209 CAPELA VELH            83705570                                                            000002
100000 000000000000 00090345100325490REGTIT31172107873447     0002020000005994237100000000002N           2  02000599423720041900000000700000000000099N210319000000000000000470000000000000000000000000000000000000000000000203846642000285JATINOX                                 AVENIDA DOS PINHEIRAIS, 2209 CAPELA VELH            83705570                                                            000003
100000 000000000000 00090345100325490REGTIT31172731800331     0002020000005995556200000000002N           2  01000599555625041900000000122500000000099N250319000000000000000080000000000000000000000000000000000000000000000100000460921100ALEX FRANCO LOPES                       QR 417 CONJ 11 CASA 09, 09 NORTE BRASILI            72000000                                                            000004
100000 000000000000 00090345100325490REGTIT31172878915112     0002020000005995552P00000000002N           2  01000599555220041900000000360000000000099N250319000000000000000240000000000000000000000000000000000000000000000100083705120115MARCOS DE JESUS ASSIS                   AV TAMANDARE, 295 BLOCO A VILA PLANALTO             79950000                                                            000005
100000 000000000000 00090345100325490REGTIT31172878915112     0002020000005995553800000000002N           2  01000599555320051900000000360000000000099N250319000000000000000240000000000000000000000000000000000000000000000100083705120115MARCOS DE JESUS ASSIS                   AV TAMANDARE, 295 BLOCO A VILA PLANALTO             79950000                                                            000006
100000 000000000000 00090345100325490REGTIT31179454039985     0002020000005995559700000000002N           2  01000599555901041900000001128000000000099N250319000000000000000750000000000000000000000000000000000000000000000212815939000193LANCHES E CONVENIENCIAS NICHELE LTDA - M,  GUABIROTUBA CURITIBA PR                          81510001                                                            000007
100000 000000000000 00090345100325490REGTIT31179598906433     0002020000005995549P00000000002N           2  01000599554925041900000000082670000000099N250319000000000000000060000000000000000000000000000000000000000000000100097049930563ZENIA MOREIRA BATISTA                   ARGEMIRO DIAS DOS SANTOS, 114 CENTRO F D            47990000                                                            000008
9                                                                                                                                                                                                                                                                                                                                                                                                         000009