01REMESSA01COBRANCA       00000000000004852239ISPCN                         237BRADESCO       270319        MX0003135                                                                                                                                                                                                                                                                                     000001
100000 000000000000 00090345100325490REGTIT31351443441580     0002020000005937350400000000002N           2  02000593735013031900000000075000000000099N140918000000000000000050000000000000000000000000000000000000000000000100092721320530JOSÉ MARQUES BRANDÃO NETO               RUA 05, 10 JARDIM FLORIDA  JUAZEIRO  BA             56300000                                                            000002
100000 000000000000 00090345100325490REGTIT31352275311822     0002020000005995852900000000002N           2  01000599585205041900000001849000000000099N270319000000000000001230000000000000000000000000000000000000000000000100008066150954JACLSON AMAURI BREGANHOLI               SANTA CATARINA, 1841 VILA MINAS GERAIS A            86808000                                                            000003
100000 000000000000 00090345100325490REGTIT31352956523729     0002020000005995853700000000002N           2  01000599585310051900000000043950000000099N270319000000000000000030000000000000000000000000000000000000000000000100004861955971GREICY ORTEGA                           MUNHOZ DE MELO, 1145 CENTRO MANDAGUACU P            87160000                                                            000004
100000 000000000000 00090345100325490REGTIT31353265178232     0002020000005995861800000000002N           2  01000599586127041900000000412000000000099N270319000000000000000270000000000000000000000000000000000000000000000235779529000130CASAL                                   JOSE AGUIAR FRANCO, 211 E 371 COSTA DO S            27923320                                                            000005
100000 000000000000 00090345100325490REGTIT31353464478651     0002020000005965859200000000002N           2  02000596585905031900000000120000000000099N071218000000000000000080000000000000000000000000000000000000000000000100002665712202ARIELLY CRISTINA DE ANDRADE SERRA       SANTA ISABEL, 697 CRUZEIRO (ICOARACI) BE            66810090                                                            000006
100000 000000000000 00090345100325490REGTIT31353500471611     0002020000005976856800000000002N           2  02000597685620031900000000145000000000099N220119000000000000000100000000000000000000000000000000000000000000000100091568757204CLAUDILEIA SIQUEIRA DA COSTA            SANTA MARIA, 7 TENONE BELEM PA                      66820240                                                            000007
100000 000000000000 00090345100325490REGTIT31353776787730     0002020000005995862600000000002N           2  01000599586210051900000000045830000000099N270319000000000000000030000000000000000000000000000000000000000000000100082761736915IVONE CALOBRIZZI CORREA                 ATLAS, 1885 CASA CENTRO OURIZONA PR                 87170000                                                            000008
100000 000000000000 00090345100325490REGTIT31354075571517     0002020000005968091100000000002N           2  02000596809120031900000000440000000000099N201218000000000000000290000000000000000000000000000000000000000000000100017269059268HILDEMAR NAZARENO SOUZA BRITO           SANHACO (CJ BENJAMIM SODRE), Casa 3 PARQ            66635270                                                            000009
100000 000000000000 00090345100325490REGTIT31354587654893     0002020000005979057100000000002N           2  02000597905728031900000000045000000000099N080219000000000000000030000000000000000000000000000000000000000000000100025535442860MARIA JOSE MARTINS                      RUA DOZE, 101 JARDIM ALVORADA MONTE MOR             13190000                                                            000010
100000 000000000000 00090345100325490REGTIT31354859865316     0002020000005959187000000000002N           2  02000595918728021900000000122500000000099N281118000000000000000080000000000000000000000000000000000000000000000100005973028470CLEZILDA LAYS RODRIGUES DA COSTA        RUA FURNA, S|N PONTA DA SERRA PETROLINA             56300000                                                            000011
100000 000000000000 00090345100325490REGTIT31355339798244     0002020000005995859600000000002N           2  01000599585905041900000003000000000000099N270319000000000000002000000000000000000000000000000000000000000000000100002213989966ANTONIO TEIXEIRA DA ROCHA               TENENTE LUIS DE CAMPOS VALLEJO, 400 AP.             83030640                                                            000012
100000 000000000000 00090345100325490REGTIT31356906776444     0002020000005957791600000000002N           2  02000595779120031900000000170000000000099N201118000000000000000110000000000000000000000000000000000000000000000100081844395200ELZIMARI RODRIGUES FIEL                 DAS PAMPOLAS  CONJUNTO: JARDIM RENASCENT            66825280                                                            000013
100000 000000000000 00090345100325490REGTIT31357260228022     0002020000005984591000000000002N           2  02000598459110031900000000264000000000099N130219000000000000000180000000000000000000000000000000000000000000000100083298584991AURO LEANDRO VAZ                        MANOEL MARASSATI, 77 SAO SEBASTIAO SAO J            83075178                                                            000014
100000 000000000000 00090345100325490REGTIT31357282528695     0002020000005959223000000000002N           2  02000595922328021900000000130000000000099N281118000000000000000090000000000000000000000000000000000000000000000100026417477827MARIA AP DE SOUZA SOARES                ANTONIO BATAGIN, 97 PARQUE ELDORADO SANT            13458469                                                            000015
100000 000000000000 00090345100325490REGTIT31357553346815     0002020000005950406400000000002N           2  02000595040615031900000000056250000000099N051118000000000000000040000000000000000000000000000000000000000000000100007455975481FRANCISCA LAIANE ALVES DA SILVA         19, 251 JARDIM GUANABARA  PETROLINA  PE             56300000                                                            000016
100000 000000000000 00090345100325490REGTIT31357561714752     0002020000005967172600000000002N           2  02000596717227031900000000044100000000099N141218000000000000000030000000000000000000000000000000000000000000000100008778073960ADAILTON DO NASCIMENTO MENEZES          PIONEIRO MIGUEL ELVIRA, 13 CONJ AMADO OU            87170000                                                            000017
100000 000000000000 00090345100325490REGTIT31357659183202     0002020000005995849900000000002N           2  01000599584927041900000005000000000000099N270319000000000000003330000000000000000000000000000000000000000000000100024686370892PAULO CAMPOS RAMOS                      RUA GUIDO MENEGUETTE,, 12 - JD MITSUTANI            05791100                                                            000018
100000 000000000000 00090345100325490REGTIT31358908830558     0002020000005956773200000000002N           2  02000595677307031900000000161580000000099N121118000000000000000110000000000000000000000000000000000000000000000100082528020449RITA ANA RODRIGUES                      AVENIDA 2, 70 MANDACARU  PETROLINA  PE              56300000                                                            000019
100000 000000000000 00090345100325490REGTIT31359081194876     0002020000005995860P00000000002N           2  01000599586005041900000002200000000000099N270319000000000000001470000000000000000000000000000000000000000000000100002213989966ANTONIO TEIXEIRA DA ROCHA               TENENTE LUIS DE CAMPOS VALLEJO, 400 AP.             83030640                                                            000020
100000 000000000000 00090345100325490REGTIT31359963319454     0002020000005995851000000000002N           2  01000599585127041900000002450000000000099N270319000000000000001630000000000000000000000000000000000000000000000100024686370892PAULO CAMPOS RAMOS                      RUA GUIDO MENEGUETTE,, 12 - JD MITSUTANI            05791100                                                            000021
9                                                                                                                                                                                                                                                                                                                                                                                                         000022