01REMESSA01COBRANCA       00000000000004852239ISPCN                         237BRADESCO       270319        MX0003129                                                                                                                                                                                                                                                                                     000001
100000 000000000000 00090345100325490REGTIT31291209408976     0002020000005947942600000000002N           2  02000594794210031900000000083340000000099N181018000000000000000060000000000000000000000000000000000000000000000100007796230451AUCILENE DE PAIVA LIMA SILVA            RUA 17, 36 RIO CORRENTE  PETROLINA  PE              56300000                                                            000002
100000 000000000000 00090345100325490REGTIT31291461175572     0002020000005968781900000000002N           2  01000596878126051900000000199000000000099N261218000000000000000130000000000000000000000000000000000000000000000100097518441934JAIR MAURICIO DE OLIVEIRA               MARANHAO, 1945 BL 15 AP 34 VILA BRASIL S            13451082                                                            000003
100000 000000000000 00090345100325490REGTIT31291485712946     0002020000005919132500000000002N           2  01000591913226051900000000350000000000099N260718000000000000000230000000000000000000000000000000000000000000000100002834554897CARLOS EDNEI DOS SANTOS                 LIBERTY, 247 JARDIM SANTA TEREZA EMBU SP            06813410                                                            000004
100000 000000000000 00090345100325490REGTIT31291600974951     0002020000005995709300000000002N           2  01000599570927041900000001332000000000099N270319000000000000000890000000000000000000000000000000000000000000000100034138663894RENATA DE AZEVEDO RODRIGUES MENDES      RUA CAVIUNA, 13 PARQUE JACARANDA  TABOAO            06774060                                                            000005
100000 000000000000 00090345100325490REGTIT31291848900645     0002020000005986073100000000002N           2  01000598607326051900000000102500000000099N260219000000000000000070000000000000000000000000000000000000000000000100001717344836LUIZ CARLOS CARVALHO                    RUA JOAO PRUSSAK, 20 SOBRADO CAMPO DE SA            81490400                                                            000006
100000 000000000000 00090345100325490REGTIT31292006849451     0002020000005976812600000000002N           2  02000597681210041900000000220000000000099N220119000000000000000370000000000000000000000000000000000000000000000100071196625387JOÃO MENDES PAURÁ                       CONJUNTO BEIJA FLOR, 33 QUADRA 19 BEIJA             67200000                                                            000007
100000 000000000000 00090345100325490REGTIT31292120764834     0002020000005995696800000000002N           2  01000599569610041900000000123500000000099N260319000000000000000080000000000000000000000000000000000000000000000100013922263844VERA LUCIA FREIRE                       DOUTOR MIROSLAU CONSTANTE BARANSKI, 86 T            81480144                                                            000008
100000 000000000000 00090345100325490REGTIT31292120764834     0002020000005995697600000000002N           2  01000599569710051900000000123500000000099N260319000000000000000080000000000000000000000000000000000000000000000100013922263844VERA LUCIA FREIRE                       DOUTOR MIROSLAU CONSTANTE BARANSKI, 86 T            81480144                                                            000009
100000 000000000000 00090345100325490REGTIT31292652612452     0002020000005975461300000000002N           2  01000597546112051900000000375000000000099N140119000000000000000250000000000000000000000000000000000000000000000100004067058101CAIO CEZAR DA CONCEIÇÃO                 301 CONJUNTO K, 26 SANTA MARIA SANTA MAR            72501504                                                            000010
100000 000000000000 00090345100325490REGTIT31293067558122     0002020000005639407100000000002N           2  01000563940726051900000000500000000000099N211216000000000000000330000000000000000000000000000000000000000000000100036388092349EDMAR MARTINS PEREIRA                   NEWTON BELLO, 351A MATA VERDE IMPERATRIZ            65906590                                                            000011
100000 000000000000 00090345100325490REGTIT31293156027599     0002020000005985792700000000002N           2  01000598579226051900000000119000000000099N220219000000000000000080000000000000000000000000000000000000000000000100032043364847VANUSA COELHO DE JESUS                  MARIA DE ARAGAO, 83 PARQUE ESPERANCA SAO            05266040                                                            000012
100000 000000000000 00090345100325490REGTIT31293165171307     0002020000005949488300000000002N           2  02000594948826031900000000033340000000099N271018000000000000000020000000000000000000000000000000000000000000000100003051691496KEYLA CLECIA TEIXEIRA SALES             RUA PIO XII, 304 CENTRO  PETROLINA  PE              56300000                                                            000013
100000 000000000000 00090345100325490REGTIT31293339784666     0002020000005978836400000000002N           2  02000597883610031900000000037600000000099N060219000000000000000030000000000000000000000000000000000000000000000100003017134997LUCIA CRISTINA DA SILVA PERCILIANO      INDEPENDENCIA, 450 CENTRO OURIZONA PR               87170000                                                            000014
100000 000000000000 00090345100325490REGTIT31293350416570     0002020000005995717400000000002N           2  01000599571727041900000000633000000000099N270319000000000000000420000000000000000000000000000000000000000000000100014342149826ROGERIO DE MATOS SILVA                  RUA CEZARIA CAMARGO DE OLIVEIRA, 249 JAR            06787400                                                            000015
100000 000000000000 00090345100325490REGTIT31293464478651     0002020000005965859200000000002N           2  02000596585905031900000000120000000000099N071218000000000000000080000000000000000000000000000000000000000000000100002665712202ARIELLY CRISTINA DE ANDRADE SERRA       SANTA ISABEL, 697 CRUZEIRO (ICOARACI) BE            66810090                                                            000016
100000 000000000000 00090345100325490REGTIT31293501170178     0002020000005975469900000000002N           2  01000597546910051900000000380000000000099N140119000000000000000250000000000000000000000000000000000000000000000100020677820372MARIA APARECIDA G DA MOTA               301 CONJUNTO D, 42 SANTA MARIA SANTA MAR            72503609                                                            000017
100000 000000000000 00090345100325490REGTIT31293624822062     0002020000005977529700000000002N           2  01000597752926051900000000120000000000099N260119000000000000000080000000000000000000000000000000000000000000000100024639204833GISLENE SILVERIO FURTUNATE              VINTE SEIS, 56 CASA ALVORADA MONTE MOR S            13190000                                                            000018
100000 000000000000 00090345100325490REGTIT31293785486688     0002020000005938017900000000002N           2  02000593801718031900000000058340000000099N190918000000000000000040000000000000000000000000000000000000000000000100002311440403IOLANDA LACERDA                         RUA ANA NERY, 190 CENTRO  PETROLINA  PE             56300000                                                            000019
100000 000000000000 00090345100325490REGTIT31293886433016     0002020000005976117200000000002N           2  02000597611717031900000000075400000000099N170119000000000000000050000000000000000000000000000000000000000000000100003017134997LUCIA CRISTINA DA SILVA PERCILIANO      INDEPENDENCIA, 450 CENTRO OURIZONA PR               87170000                                                            000020
100000 000000000000 00090345100325490REGTIT31294004732142     0002020000005977523800000000002N           2  01000597752326051900000000208330000000099N260119000000000000000140000000000000000000000000000000000000000000000100001580453945JOSE XAVIER CORREIA                     ANTONIO GAI, 1099 CASA TATUQUARA CURITIB            81480140                                                            000021
100000 000000000000 00090345100325490REGTIT31294441182787     0002020000005950222300000000002N           2  01000595022226051900000000194490000000099N021118000000000000000130000000000000000000000000000000000000000000000100028503663821NEIDE ROCHA SANTOS                      DOUTOR FREDERICO DE AZEVEDO ANTUNES, 302            05795180                                                            000022
100000 000000000000 00090345100325490REGTIT31294659300603     0002020000005995711500000000002N           2  01000599571127041900000001700000000000099N270319000000000000001130000000000000000000000000000000000000000000000100031471440893JULIANA ALMEIDA DA SILVA                RUA PEDRO SARMENTO, 77 FDS VILA SILVA TE            08110160                                                            000023
100000 000000000000 00090345100325490REGTIT31294753751311     0002020000005940302000000000002N           2  01000594030226051900000000150000000000099N021018000000000000000100000000000000000000000000000000000000000000000100081200870468MARIA CELMA DE SOUZA SIQUEIRA           RUA: 11, 173 VILA MARCELA PETROLINA PE              56300000                                                            000024
100000 000000000000 00090345100325490REGTIT31294759960588     0002020000005995652600000000002N           2  01000599565226051900000000250000000000099N260319000000000000000170000000000000000000000000000000000000000000000100049987938884CAIO BRAINER XAVIER                     PRECIOSA, 42 PARQUE MONTE ALEGRE  TABOAO            06756170                                                            000025
100000 000000000000 00090345100325490REGTIT31294928989108     0002020000005918477900000000002N           2  02000591847720031900000000220000000000099N230718000000000000000150000000000000000000000000000000000000000000000100039754382824RENAN DA SILVA FERREIRA                 CLAUDIO MANOEL DA COSTA, 867 PARQUE OLAR            13458027                                                            000026
100000 000000000000 00090345100325490REGTIT31294986207145     0002020000005986131200000000002N           2  01000598613126051900000000088340000000099N260219000000000000000060000000000000000000000000000000000000000000000100091622972872AMARO SILVA LIMA                        ESTRADA DO GUAVIRUTUBA, 1320 VILA SANTA             04937000                                                            000027
100000 000000000000 00090345100325490REGTIT31295128362373     0002020000005977512200000000002N           2  01000597751226051900000000042500000000099N260119000000000000000030000000000000000000000000000000000000000000000100062153706904NATALICE SALES DE OLIVEIRA              EUCLIDES DA CUNHA, 560 CENTRO OURIZONA P            87170000                                                            000028
100000 000000000000 00090345100325490REGTIT31295250709570     0002020000005986023500000000002N           2  01000598602326051900000000117000000000099N260219000000000000000080000000000000000000000000000000000000000000000100087923564515LINDAURA GOMES DE OLIVEIRA              ACM, 1315 CENTRO F DO RIO PRETO BA                  47990000                                                            000029
100000 000000000000 00090345100325490REGTIT31295366252006     0002020000005986251300000000002N           2  02000598625125031900000000220000000000099N270219000000000000000150000000000000000000000000000000000000000000000100033566222852ANDRE DOS SANTOS SILVA                  AMADOR BUENO, 55 CASA DE CIMA AMADOR BUE            06680220                                                            000030
100000 000000000000 00090345100325490REGTIT31295507406902     0002020000005909340400000000002N           2  01000590934026051900000000350000000000099N210618000000000000000230000000000000000000000000000000000000000000000100037832175800ILSON ANTONIO APARECIDO GUERRA          -, 0 - - -                                          00000000                                                            000031
100000 000000000000 00090345100325490REGTIT31295549063131     0002020000005995719000000000002N           2  01000599571927041900000000425000000000099N270319000000000000000280000000000000000000000000000000000000000000000100014631810866GONZAGA MENDES DA SILVA                 ESTRADA DAS FIGUEIRAS, 3 CHACARA SANTA M            06856880                                                            000032
100000 000000000000 00090345100325490REGTIT31295635010744     0002020000005968963300000000002N           2  02000596896327031900000000028050000000099N271218000000000000000020000000000000000000000000000000000000000000000100004799468928EDINEIA DA SILVA                        VILA RURAL, 0 CENTRO OURIZONA PR                    87170000                                                            000033
100000 000000000000 00090345100325490REGTIT31295742842410     0002020000005950110300000000002N           2  01000595011026051900000000330000000000099N011118000000000000000220000000000000000000000000000000000000000000000100013931523845BERNADETE FERREIRA MACIEL               GENERAL OSORIO, 1231 CENTRO SANAT BARBAR            13450000                                                            000034
100000 000000000000 00090345100325490REGTIT31295849431691     0002020000005947948500000000002N           2  02000594794817031900000000100000000000099N181018000000000000000070000000000000000000000000000000000000000000000100090247205400EVANITO JOAQUIM DA SILVA                AREA 21, S/N  PROJETO MARIA TEREZA  PETR            00000000                                                            000035
100000 000000000000 00090345100325490REGTIT31295899251943     0002020000005995705000000000002N           2  01000599570522041900000001540260000000099N270319000000000000001030000000000000000000000000000000000000000000000262526801000142HORT MAIS  DE PIRACICABA                BENJAMIN CONSTANT, 1668 CENTRO PIRACICAB            13400056                                                            000036
100000 000000000000 00090345100325490REGTIT31295946828292     0002020000005919488P00000000002N           2  01000591948826051900000000100000000000099N300718000000000000000070000000000000000000000000000000000000000000000100009425424446FABIANA RIBEIRO DA SILVA                RUA: CASA FORTE, 29 JOSE E MARIA PETROLI            56300000                                                            000037
100000 000000000000 00090345100325490REGTIT31296210041033     0002020000005995721200000000002N           2  01000599572127041900000000230000000000099N270319000000000000000150000000000000000000000000000000000000000000000100077418905491JULIANA BRITO DUARTE                    ARATUBA, AN 201 PARQUE BELA VISTA SALVAD            40279040                                                            000038
100000 000000000000 00090345100325490REGTIT31296455754054     0002020000005995700P00000000002N           2  01000599570010041900000000179600000000099N260319000000000000000120000000000000000000000000000000000000000000000100007635288970MICHELLE LOUISE DADA                    BARBOSA FERRAZ, 35 XAXIM CURITIBA PR                81830390                                                            000039
100000 000000000000 00090345100325490REGTIT31296455754054     0002020000005995701800000000002N           2  01000599570110051900000000179600000000099N260319000000000000000120000000000000000000000000000000000000000000000100007635288970MICHELLE LOUISE DADA                    BARBOSA FERRAZ, 35 XAXIM CURITIBA PR                81830390                                                            000040
100000 000000000000 00090345100325490REGTIT31296906776444     0002020000005957791600000000002N           2  02000595779120031900000000170000000000099N201118000000000000000110000000000000000000000000000000000000000000000100081844395200ELZIMARI RODRIGUES FIEL                 DAS PAMPOLAS  CONJUNTO: JARDIM RENASCENT            66825280                                                            000041
100000 000000000000 00090345100325490REGTIT31297060896476     0002020000005918766200000000002N           2  02000591876624031900000000500000000000099N240718000000000000000330000000000000000000000000000000000000000000000100030921274807RAFAEL LOPES DE OLIVEIRA                JUSTINIANO CARRANZA, 24 JARDIM MITSUTANI            05791170                                                            000042
100000 000000000000 00090345100325490REGTIT31297364249705     0002020000005868646000000000002N           2  01000586864626051900000000250000000000099N080318000000000000000170000000000000000000000000000000000000000000000100032863735837JAIR VAZ SOARES FILHO                   ANTONIO DE ALBUQUERQUE, 02 ALDEINHA ITAP            06877150                                                            000043
100000 000000000000 00090345100325490REGTIT31297411575979     0002020000005995713100000000002N           2  01000599571327041900000002000000000000099N270319000000000000001330000000000000000000000000000000000000000000000100031471440893JULIANA ALMEIDA DA SILVA                RUA PEDRO SARMENTO, 77 FDS VILA SILVA TE            08110160                                                            000044
100000 000000000000 00090345100325490REGTIT31297501699394     0002020000005957494100000000002N           2  02000595749420031900000000439830000000099N161118000000000000000290000000000000000000000000000000000000000000000100004916250818BRAZ CHAGAS                             FOZ DO IGUACU, 67 JARDIM VALO VELHO ITAP            06856800                                                            000045
100000 000000000000 00090345100325490REGTIT31297542255541     0002020000005926091200000000002N           2  01000592609126051900000000232000000000099N100818000000000000000150000000000000000000000000000000000000000000000100011342722191MARIA PEREIRA ALMEIDA                   302 CONJUNTO F, 02 SANTA MARIA SANTA MAR            72502506                                                            000046
100000 000000000000 00090345100325490REGTIT31297549320732     0002020000005995707700000000002N           2  01000599570727041900000001615000000000099N270319000000000000001080000000000000000000000000000000000000000000000100026350952804FABIO DE ALMEIDA FERREIRA               RUA BENEDITA HELENA RODRIGUES, 82 JARDIM            06773350                                                            000047
100000 000000000000 00090345100325490REGTIT31297672519928     0002020000005986138P00000000002N           2  01000598613826051900000000100000000000099N260219000000000000000070000000000000000000000000000000000000000000000100003444037503THIAGO HENRIQUE DA SILVA                BOA ESPERANCA, 40 CENTRO SAO DESIDERIO B            47820000                                                            000048
100000 000000000000 00090345100325490REGTIT31297961385146     0002020000005977467300000000002N           2  01000597746726051900000000225000000000099N250119000000000000000150000000000000000000000000000000000000000000000100003741883352ANDREIA MARIA DA SILVA                  SHPS QUADRA 603 CONJUNTO 95A, A CASA A S            72238363                                                            000049
100000 000000000000 00090345100325490REGTIT31297995773719     0002020000005995569400000000002N           2  01000599556926051900000000088850000000099N260319000000000000000060000000000000000000000000000000000000000000000100059914564968DOMINGAS BARBOSA SANTIAGO               BELA VISTA, 1603 CENTRO OURIZONA PR                 87170000                                                            000050
100000 000000000000 00090345100325490REGTIT31298125277074     0002020000005938166300000000002N           2  01000593816626051900000000280000000000099N190918000000000000000190000000000000000000000000000000000000000000000100042482156831CAMILA REGINA MONTEIRO                  TRINTA E UM DE MARÇO, 373 CONJUNTO HABIT            13453224                                                            000051
100000 000000000000 00090345100325490REGTIT31298466631894     0002020000005928337800000000002N           2  02000592833730031900000000100000000000099N230818000000000000000070000000000000000000000000000000000000000000000100054089387434CARMEM   LUCIA  DOS  SANTOS  SILVA      RUA  38, N 31 HENRIQUE  LEITE PETROLINA             56300000                                                            000052
100000 000000000000 00090345100325490REGTIT31298586339073     0002020000005968842400000000002N           2  01000596884226051900000000055000000000099N261218000000000000000090000000000000000000000000000000000000000000000100028963888851CATIA SANTOS DA SILVA                   PRESIDENTE JOAO GOULART,  TATUQUARA CURI            81470470                                                            000053
100000 000000000000 00090345100325490REGTIT31298952598215     0002020000005977516500000000002N           2  01000597751626051900000000120000000000099N260119000000000000000080000000000000000000000000000000000000000000000100091856221253THIAGO HENRIQUE FERREIRA LOBO           AZEVEDO, 1 CABANAGEM BELEM PA                       66625110                                                            000054
100000 000000000000 00090345100325490REGTIT31299125736339     0002020000005966093700000000002N           2  02000596609320031900000000140000000000099N081218000000000000000090000000000000000000000000000000000000000000000100011229320814MARIA APARECIDA CABAL SICHELLI          SEBASTIAO BENEDITO DO AMARAL, 537 VILA L            13450395                                                            000055
100000 000000000000 00090345100325490REGTIT31299215327592     0002020000005939427700000000002N           2  01000593942726051900000000067000000000099N270918000000000000000040000000000000000000000000000000000000000000000100000788254405MICHAEL  MIRANDA  MENEZES               RUA  21, N 435 COHAB IV PETROLINA  PE               56300000                                                            000056
100000 000000000000 00090345100325490REGTIT31299261546192     0002020000005995691700000000002N           2  01000599569105041900000000171800000000099N260319000000000000000110000000000000000000000000000000000000000000000100002531872906VANUSA M DE LIMA SEIXAS                 NOGUEIRA, 380 EUCALIPTOS FAZENDA RIO GRA            83820234                                                            000057
100000 000000000000 00090345100325490REGTIT31299261546192     0002020000005995692500000000002N           2  01000599569205051900000000171800000000099N260319000000000000000110000000000000000000000000000000000000000000000100002531872906VANUSA M DE LIMA SEIXAS                 NOGUEIRA, 380 EUCALIPTOS FAZENDA RIO GRA            83820234                                                            000058
100000 000000000000 00090345100325490REGTIT31299782520362     0002020000005920866P00000000002N           2  02000592086612031900000000230000000000099N070818000000000000000150000000000000000000000000000000000000000000000100036046207835SONIA THEODORO GIL                      GENERAL COUTO MAGALHAES, 236 31 DE MARCO            13453135                                                            000059
100000 000000000000 00090345100325490REGTIT31299883072165     0002020000005995715800000000002N           2  01000599571527041900000000400000000000099N270319000000000000000270000000000000000000000000000000000000000000000100002255851890CLAUDIMAR G DOS SANTOS                  R FRANCISCO DE PAIVA, 55 CASA A 1  JD EL            03979050                                                            000060
9                                                                                                                                                                                                                                                                                                                                                                                                         000061