01REMESSA01COBRANCA       00000000000004972103WC SISTEMAS E EQUIPAMENTOS DE 237BRADESCO       130319        MX0002619                                                                                                                                                                                                                                                                                     000001
100000 000000000000 00090345100240370REGTIT26191902068363     0002020000005981523P00000000002N           2  02190206836328021900000000155600000000099N080219000000000000000230000000000000000000000000000000000000000000000218924903000124JEFFERSON GAUCZINSKI LOPES              RUA MARIA ANTONIETA DOS SANTOS, 870                 83331000                                                            000002
9                                                                                                                                                                                                                                                                                                                                                                                                         000003