01REMESSA01COBRANCA       00000000000004852239ISPCN                         237BRADESCO       110319        MX0003004                                                                                                                                                                                                                                                                                     000001
100000 000000000000 00090345100325490REGTIT30041181152889     0002020000005928604000000000002N           2  02000592860420021900000000170000000000099N250818000000000000000110000000000000000000000000000000000000000000000100028361131892MARILENE QUEIROZ MASCARANHA             ANTENOR KUERCHE DE MENEZES, 309 RESIDENC            13458715                                                            000002
100000 000000000000 00090345100325490REGTIT30041422368159     0002020000005958411400000000002N           2  02000595841123021900000000155000000000099N231118000000000000000100000000000000000000000000000000000000000000000100054561256172KELY CRISTINA ROSA                      LISBOA, 148 QD 02 LOTE 30 ALTO DA BOA VI            00078088                                                            000003
100000 000000000000 00090345100325490REGTIT30041522920499     0002020000005987326400000000002N           2  01000598732620031900000000101000000000099N110319000000000000000070000000000000000000000000000000000000000000000100001683210093DAIANA AGUEIRO DE OLIVEIRA              UCHOA, 390 JARDIM MORENAO CAMPO GRANDE M            79070450                                                            000004
100000 000000000000 00090345100325490REGTIT30041522920499     0002020000005987327200000000002N           2  01000598732715041900000000101000000000099N110319000000000000000070000000000000000000000000000000000000000000000100001683210093DAIANA AGUEIRO DE OLIVEIRA              UCHOA, 390 JARDIM MORENAO CAMPO GRANDE M            79070450                                                            000005
100000 000000000000 00090345100325490REGTIT30041610080247     0002020000005969423800000000002N           2  02000596942310031900000000040640000000099N040119000000000000000030000000000000000000000000000000000000000000000100002927952116JOSIANE APARECIDA RODRIGUES             MACHADO DE ASSIS, 922 CENTRO OURIZONA PR            87170000                                                            000006
100000 000000000000 00090345100325490REGTIT30041639193089     0002020000005985002700000000002N           2  02000598500210031900000000245000000000099N150219000000000000000160000000000000000000000000000000000000000000000100020972040234MARIA NEUSA NUNES AIRES                 RUA CAMELIA, 11|05 CIDADE JARDIM I PARQU            66635110                                                            000007
100000 000000000000 00090345100325490REGTIT30041801043098     0002020000005987316700000000002N           2  01000598731620031900000000069000000000099N110319000000000000000050000000000000000000000000000000000000000000000100000460679147LEILA NERI DE SOUZA                     JOAQUIM ALVES PEREIRA, 1377 SANTA BRANCA            79070120                                                            000008
100000 000000000000 00090345100325490REGTIT30041801043098     0002020000005987317500000000002N           2  01000598731715041900000000069000000000099N110319000000000000000050000000000000000000000000000000000000000000000100000460679147LEILA NERI DE SOUZA                     JOAQUIM ALVES PEREIRA, 1377 SANTA BRANCA            79070120                                                            000009
100000 000000000000 00090345100325490REGTIT30041858551543     0002020000005940311P00000000002N           2  02000594031104031900000000370000000000099N021018000000000000000250000000000000000000000000000000000000000000000100064935558849DIMAS CORREIA DA SILVA                  SERVIDÃO, 699 JARDIM GERIVA SANTA BÁRBAR            13456343                                                            000010
100000 000000000000 00090345100325490REGTIT30042485636621     0002020000005979027P00000000002N           2  02000597902705031900000000130000000000099N080219000000000000000090000000000000000000000000000000000000000000000100005674218137REYNAN CRUZ DOS SANTOS                  VENEZA, 919B JARDIM ISAURA SANTANA DE PA            06516055                                                            000011
100000 000000000000 00090345100325490REGTIT30042871154567     0002020000005987290P00000000002N           2  01000598729020031900000000069000000000099N110319000000000000000050000000000000000000000000000000000000000000000100003381345141NADIA NANCY ROMERO LOPES                PLINIO BITTERCOURT, 295 JARDIM BOTANICO             79070454                                                            000012
100000 000000000000 00090345100325490REGTIT30042871154567     0002020000005987291800000000002N           2  01000598729115041900000000069000000000099N110319000000000000000050000000000000000000000000000000000000000000000100003381345141NADIA NANCY ROMERO LOPES                PLINIO BITTERCOURT, 295 JARDIM BOTANICO             79070454                                                            000013
100000 000000000000 00090345100325490REGTIT30043037814816     0002020000005986584900000000002N           2  02000598658410031900000000460000000000099N040319000000000000000310000000000000000000000000000000000000000000000100086638980882BEATRIZ LEITE F. STENICO                TAMOIOS, 0 JARDIM SAO FRANCISCO SANTA BA            13456081                                                            000014
100000 000000000000 00090345100325490REGTIT30043112343632     0002020000005987311600000000002N           2  01000598731111041900000000195290000000099N110319000000000000000130000000000000000000000000000000000000000000000100026640307871SANDRO BEZERRA DA SILVA                 RUA PARAISO, 17 MONTANHAO SAO BERNARDO D            09784555                                                            000015
100000 000000000000 00090345100325490REGTIT30043361627124     0002020000005957570000000000002N           2  02000595757020031900000000280000000000099N171118000000000000000190000000000000000000000000000000000000000000000100002768775860CICERO LAURENTINO                       DAMASIO PIMENTEL DE CAMARGO, 393 SANTA R            13450000                                                            000016
100000 000000000000 00090345100325490REGTIT30043766294800     0002020000005958606000000000002N           2  02000595860610031900000000040170000000099N241118000000000000000030000000000000000000000000000000000000000000000100059914564968DOMINGAS BARBOSA SANTIAGO               BELA VISTA, 1603 CENTRO OURIZONA PR                 87170000                                                            000017
100000 000000000000 00090345100325490REGTIT30043871692977     0002020000005958844600000000002N           2  02000595884411021900000000325000000000099N261118000000000000000540000000000000000000000000000000000000000000000202945870000320OMEGA IND COM E DESENVOLVIMENTO SIST E IRUA JANDAIA DO SUL, 125 EMILIANO PERNETA            83324440                                                            000018
100000 000000000000 00090345100325490REGTIT30043871692977     0002020000005958845400000000002N           2  02000595884511031900000000325000000000099N261118000000000000000540000000000000000000000000000000000000000000000202945870000320OMEGA IND COM E DESENVOLVIMENTO SIST E IRUA JANDAIA DO SUL, 125 EMILIANO PERNETA            83324440                                                            000019
100000 000000000000 00090345100325490REGTIT30044092037983     0002020000005987283700000000002N           2  01000598728320031900000000350000000000099N110319000000000000000580000000000000000000000000000000000000000000000202945870000320OMEGA IND COM E DESENVOLVIMENTO SIST E IRUA JANDAIA DO SUL, 125 EMILIANO PERNETA            83324440                                                            000020
100000 000000000000 00090345100325490REGTIT30044092037983     0002020000005987284500000000002N           2  01000598728420041900000000350000000000099N110319000000000000000580000000000000000000000000000000000000000000000202945870000320OMEGA IND COM E DESENVOLVIMENTO SIST E IRUA JANDAIA DO SUL, 125 EMILIANO PERNETA            83324440                                                            000021
100000 000000000000 00090345100325490REGTIT30044166632402     0002020000005968467400000000002N           2  02000596846710031900000000034800000000099N221218000000000000000020000000000000000000000000000000000000000000000100059914564968DOMINGAS BARBOSA SANTIAGO               BELA VISTA, 1603 CENTRO OURIZONA PR                 87170000                                                            000022
100000 000000000000 00090345100325490REGTIT30044237879042     0002020000005948475600000000002N           2  02000594847522021900000000110000000000099N221018000000000000000070000000000000000000000000000000000000000000000100039611511809LIGIAN CORREA RODRIGUES                 ANTONIO MORAES BARROS, 670 JARDIM VISTA             13458574                                                            000023
100000 000000000000 00090345100325490REGTIT30044406615652     0002020000005927432800000000002N           2  02000592743201031900000000092860000000099N170818000000000000000060000000000000000000000000000000000000000000000100001122503431MARIA DAS GRACAS SILVA VIANA            RUA: 7, 320 TERRA DO SUL PETROLINA PE               56300000                                                            000024
100000 000000000000 00090345100325490REGTIT30044705574044     0002020000005949626600000000002N           2  02000594962615031900000000198000000000099N291018000000000000000130000000000000000000000000000000000000000000000100045685830807RAISSA FERNANDA BALDO                   VINTE E UM DE FEVEREIRO, 87 CONJUNTO HAB            13453149                                                            000025
100000 000000000000 00090345100325490REGTIT30044918676838     0002020000005987336100000000002N           2  01000598733610041900000000250000000000099N110319000000000000000170000000000000000000000000000000000000000000000100025357675899JUCIMAR LORBIESKI SOUZA GUEDES          PROFETA JEREMIAS, 952 ROCHELLE SANTA BAR            13458082                                                            000026
100000 000000000000 00090345100325490REGTIT30044918676838     0002020000005987337P00000000002N           2  01000598733710051900000000250000000000099N110319000000000000000170000000000000000000000000000000000000000000000100025357675899JUCIMAR LORBIESKI SOUZA GUEDES          PROFETA JEREMIAS, 952 ROCHELLE SANTA BAR            13458082                                                            000027
100000 000000000000 00090345100325490REGTIT30045087719451     0002020000005969397500000000002N           2  02000596939707031900000000510000000000099N040119000000000000000340000000000000000000000000000000000000000000000100005364311830MARIA INES P DOS SANTOS                 CIRO DOS ANJOS, 171 PARQUE RESIDENCIAL S            13457006                                                            000028
100000 000000000000 00090345100325490REGTIT30045274055575     0002020000005987273P00000000002N           2  01000598727320031900000000085000000000099N110319000000000000000060000000000000000000000000000000000000000000000100069425850178RUDI CARLOS QUINTANA                    FRANCISCO DOS ANJOS, 1224 CASA UNIVERSIT            79070190                                                            000029
100000 000000000000 00090345100325490REGTIT30045274055575     0002020000005987274800000000002N           2  01000598727415041900000000085000000000099N110319000000000000000060000000000000000000000000000000000000000000000100069425850178RUDI CARLOS QUINTANA                    FRANCISCO DOS ANJOS, 1224 CASA UNIVERSIT            79070190                                                            000030
100000 000000000000 00090345100325490REGTIT30045303618845     0002020000005966750800000000002N           2  02000596675020021900000000250000000000099N121218000000000000000170000000000000000000000000000000000000000000000100051845199987JOSE CARLOS ALVES                       HENRIQUE BRUDECK, 469 CASA VILA SAO CRIS            83305345                                                            000031
100000 000000000000 00090345100325490REGTIT30045885161442     0002020000005985424300000000002N           2  02000598542415031900000000098310000000099N190219000000000000000070000000000000000000000000000000000000000000000100008104197932DAIANE CAROLINE AMARAL DE AQUINO        CAMPO GRANDE, 1706 CENTRO OURIZONA PR               87170000                                                            000032
100000 000000000000 00090345100325490REGTIT30046242692342     0002020000005967260900000000002N           2  02000596726007031900000000648750000000099N151218000000000000000430000000000000000000000000000000000000000000000100050368915115LUZIA APARECIDA BEZERRA DA SILVA        VEREADOR, 904 AP 904 TORRE DAS MAT ACLIM            00078000                                                            000033
100000 000000000000 00090345100325490REGTIT30046247947675     0002020000005958629P00000000002N           2  02000595862915031900000000037480000000099N241118000000000000000020000000000000000000000000000000000000000000000100003871686999MARIA ISABEL BEZERRA DA SILVA           JUPITER, 784 CENTRO OURIZONA PR                     87170000                                                            000034
100000 000000000000 00090345100325490REGTIT30046256835518     0002020000005968871800000000002N           2  02000596887101031900000000150000000000099N271218000000000000000100000000000000000000000000000000000000000000000100002862926299JHULIA CAROLINE E SILVA BATISTA         TRAVESSA MANOEL SIQUEIRA, 28 AGUA BOA (O            66843490                                                            000035
100000 000000000000 00090345100325490REGTIT30046648110424     0002020000005987300000000000002N           2  01000598730020031900000000101000000000099N110319000000000000000070000000000000000000000000000000000000000000000100095671943191FABIANA SANTOS DE SOUZA                 INUBIA PAULISTA, 1547 JARDIM MONUMENTO C            79071180                                                            000036
100000 000000000000 00090345100325490REGTIT30046648110424     0002020000005987301900000000002N           2  01000598730115041900000000101000000000099N110319000000000000000070000000000000000000000000000000000000000000000100095671943191FABIANA SANTOS DE SOUZA                 INUBIA PAULISTA, 1547 JARDIM MONUMENTO C            79071180                                                            000037
100000 000000000000 00090345100325490REGTIT30047847799079     0002020000005898713400000000002N           2  02000589871321021900000000100000000000099N210518000000000000000070000000000000000000000000000000000000000000000100005662670471JECILENE DOS SANTOS ARAUJO              QUADRA: D, 32 PROJETO N 09 PETROLINA PE             56300000                                                            000038
100000 000000000000 00090345100325490REGTIT30048020496923     0002020000005987263200000000002N           2  01000598726320031900000000069000000000099N110319000000000000000050000000000000000000000000000000000000000000000100014842666846ANDREIA LOPES DA SILVA NASCIMENTO SOUZA LUIZ PEEIRA, 1377 PIONEIROS CAMPO GRANDE            79070125                                                            000039
100000 000000000000 00090345100325490REGTIT30048020496923     0002020000005987264000000000002N           2  01000598726415041900000000069000000000099N110319000000000000000050000000000000000000000000000000000000000000000100014842666846ANDREIA LOPES DA SILVA NASCIMENTO SOUZA LUIZ PEEIRA, 1377 PIONEIROS CAMPO GRANDE            79070125                                                            000040
100000 000000000000 00090345100325490REGTIT30048025876097     0002020000005919783800000000002N           2  02000591978310031900000000600000000000099N310718000000000000000400000000000000000000000000000000000000000000000100050368915115LUZIA APARECIDA BEZERRA DA SILVA        VEREADOR, 904 AP 904 TORRE DAS MAT ACLIM            00078000                                                            000041
100000 000000000000 00090345100325490REGTIT30048428726568     0002020000005968548400000000002N           2  02000596854810031900000000180000000000099N241218000000000000000120000000000000000000000000000000000000000000000100061980390568MARIA JOSÉ SILVA CARNEIRO               JORGE JUVENTINO AGUIAR, 0 BL. 30 APTº 24            13450000                                                            000042
100000 000000000000 00090345100325490REGTIT30048437278514     0002020000005959388100000000002N           2  02000595938810031900000000120000000000099N291118000000000000000080000000000000000000000000000000000000000000000100005874358285JESSICA LARISSA MONTEIRO SILVA          DA FELICIDADE, 21 SAO JOAO DO OUTEIRO (O            66840170                                                            000043
100000 000000000000 00090345100325490REGTIT30048643440020     0002020000005985136800000000002N           2  02000598513616031900000000049970000000099N160219000000000000000030000000000000000000000000000000000000000000000100003871686999MARIA ISABEL BEZERRA DA SILVA           JUPITER, 784 CENTRO OURIZONA PR                     87170000                                                            000044
100000 000000000000 00090345100325490REGTIT30048888704996     0002020000005930812500000000002N           2  02000593081210031900000000045420000000099N040918000000000000000030000000000000000000000000000000000000000000000100059914564968DOMINGAS BARBOSA SANTIAGO               BELA VISTA, 1603 CENTRO OURIZONA PR                 87170000                                                            000045
100000 000000000000 00090345100325490REGTIT30049614957749     0002020000005890481600000000002N           2  02000589048110031900000000072000000000099N070518000000000000000050000000000000000000000000000000000000000000000100045685830807RAISSA FERNANDA BALDO                   VINTE E UM DE FEVEREIRO, 87 CONJUNTO HAB            13453149                                                            000046
100000 000000000000 00090345100325490REGTIT30049759584487     0002020000005895551800000000002N           2  02000589555110021900000000120000000000099N080518000000000000000080000000000000000000000000000000000000000000000100002532040467PERPETUA DA CONCEICAO RODRIGUES         RUA: TABULEIRO, 161 SÃO GONÇALO PETROLIN            56300000                                                            000047
9                                                                                                                                                                                                                                                                                                                                                                                                         000048