01REMESSA01COBRANCA       00000000000004852239ISPCN                         237BRADESCO       060319        MX0002961                                                                                                                                                                                                                                                                                     000001
100000 000000000000 00090345100325490REGTIT29612410532587     0002020000005902058P00000000002N           2  02000590205815021900000000330000000000099N070618000000000000000220000000000000000000000000000000000000000000000100037564791888TAINA KRYSIA G TEIXEIRA                 OSORIO DUQUE ESTRADA, 647 JD BATIGIM SBO            13450000                                                            000002
100000 000000000000 00090345100325490REGTIT29616323695911     0002020000005970266400000000002N           2  02000597026605031900000000120000000000099N100119000000000000000080000000000000000000000000000000000000000000000100059067993204ALEXANDRE PANTOJA GONÇALVES             SIQUEIRA MENDES, 594 CRUZEIRO (ICOARACI)            66810050                                                            000003
9                                                                                                                                                                                                                                                                                                                                                                                                         000004