01REMESSA01COBRANCA       00000000000004972103WC SISTEMAS E EQUIPAMENTOS DE 237BRADESCO       220319        MX0002647                                                                                                                                                                                                                                                                                     000001
100000 000000000000 00090345100240370REGTIT26471811072412     0002020000005956346P00000000002N           2  02181107241230111800000000115300000000099N091118000000000000000170000000000000000000000000000000000000000000000229018522000100IRENE FURQUIM MUNHOES                   R JOAQUIM NABUCO, 579                               83005160                                                            000002
100000 000000000000 00090345100240370REGTIT26471812072412     0002020000005965320500000000002N           2  02181207241228121800000000099800000000099N061218000000000000000150000000000000000000000000000000000000000000000229018522000100IRENE FURQUIM MUNHOES                   R JOAQUIM NABUCO, 579                               83005160                                                            000003
100000 000000000000 00090345100240370REGTIT26471901072412     0002020000005974730700000000002N           2  02190107241230011900000000099800000000099N110119000000000000000150000000000000000000000000000000000000000000000229018522000100IRENE FURQUIM MUNHOES                   R JOAQUIM NABUCO, 579                               83005160                                                            000004
100000 000000000000 00090345100240370REGTIT26471902069228     0002020000005981784400000000002N           2  04190206922828021900000000134800000000099N080219000000000000000200000000000000000000000000000000000000000034800224670752000128DANIELA DE SOUZA FONTES GUIMARAES       RUA JOSE MARIA DOS ANJOS, 129                       83705325                                                            000005
100000 000000000000 00090345100240370REGTIT26471902072412     0002020000005983418800000000002N           2  02190207241228021900000000099800000000099N080219000000000000000150000000000000000000000000000000000000000000000229018522000100IRENE FURQUIM MUNHOES                   R JOAQUIM NABUCO, 579                               83005160                                                            000006
100000 000000000000 00090345100240370REGTIT26471903069228     0002020000005990345700000000002N           2  04190306922829031900000000134800000000099N130319000000000000000200000000000000000000000000000000000000000034800224670752000128DANIELA DE SOUZA FONTES GUIMARAES       RUA JOSE MARIA DOS ANJOS, 129                       83705325                                                            000007
100000 000000000000 00090345100240370REGTIT26471903072412     0002020000005991888800000000002N           2  02190307241229031900000000099800000000099N130319000000000000000150000000000000000000000000000000000000000000000229018522000100IRENE FURQUIM MUNHOES                   R JOAQUIM NABUCO, 579                               83005160                                                            000008
9                                                                                                                                                                                                                                                                                                                                                                                                         000009