01REMESSA01COBRANCA       00000000000004852239ISPCN                         237BRADESCO       210319        MX0003093                                                                                                                                                                                                                                                                                     000001
100000 000000000000 00090345100325490REGTIT30931429421793     0002020000005930800100000000002N           2  02000593080003031900000000083350000000099N040918000000000000000060000000000000000000000000000000000000000000000100002479075451EDNA DA SILVA NASCIMENTO PAES LADIM     RUA: DO VIOLINO, 211 PORTAL DA CIDADE PE            56300000                                                            000002
100000 000000000000 00090345100325490REGTIT30931683396423     0002020000005985097300000000002N           2  02000598509716031900000000120000000000099N160219000000000000000080000000000000000000000000000000000000000000000100034808317885ESTEFANIA CRISTINA RODRIGUES SILVA      ARNALDO ORLANDO COVOLAN, 395 VILA RICA S            13453528                                                            000003
100000 000000000000 00090345100325490REGTIT30931832971523     0002020000005958356800000000002N           2  02000595835622021900000000166000000000099N221118000000000000000110000000000000000000000000000000000000000000000100057024014172ALESSANDRA CRISTINA DA SILVA DUARTE     CENTO E DEZOITO, 24 C 21  TIJUCAL CUIABA            78088060                                                            000004
100000 000000000000 00090345100325490REGTIT30931833681025     0002020000005949712200000000002N           2  02000594971220031900000000030800000000099N291018000000000000000020000000000000000000000000000000000000000000000100004064111907JOELMA DE OLIVEIRA PINHEIRO             PROJETADA C, 90 HENRIQUE MARTELOSSO CENT            87170000                                                            000005
100000 000000000000 00090345100325490REGTIT30932032830644     0002020000005930483900000000002N           2  02000593048328021900000000090000000000099N030918000000000000000060000000000000000000000000000000000000000000000100002917790423ANA LEONOR DOS ANJOS                    RUA DA LIBERDADE, 31 DOM AVELAR PETROLIN            56300000                                                            000006
100000 000000000000 00090345100325490REGTIT30932049788555     0002020000005992995200000000002N           2  02000599299525041900000000319280000000099N140319000000000000000210000000000000000000000000000000000000000000000100094355703800DAVINA JOCELINA SANTOS LOPES            ROQUE DE MINGO, 523 JARDIM SAMARA SAO PA            05759290                                                            000007
100000 000000000000 00090345100325490REGTIT30932057859901     0002020000005966021P00000000002N           2  02000596602107031900000000137500000000099N071218000000000000000090000000000000000000000000000000000000000000000100038340089153EDUARDO CABRAL DA SILVA                 MARINGA, 358 CASA SANTO ANTONIO DO PEDRE            78060460                                                            000008
100000 000000000000 00090345100325490REGTIT30932119869858     0002020000005960420400000000002N           2  02000596042015031900000000078000000000099N051218000000000000000050000000000000000000000000000000000000000000000100051309068100FRANCISVAL SOARES DE LIMA               PROJETADA B, 71 CASA ALTOS DA BELA VISTA            78000000                                                            000009
100000 000000000000 00090345100325490REGTIT30932121493385     0002020000005917511700000000002N           2  02000591751112041900000000105560000000099N170718000000000000000070000000000000000000000000000000000000000000000100034073205404CLEIDE MARIA GOMES                      RUA: RIACHUELO, 250 PALHINHAS PETROLINA             56300000                                                            000010
100000 000000000000 00090345100325490REGTIT30932414223522     0002020000005928959700000000002N           2  02000592895925021900000000158350000000099N270818000000000000000110000000000000000000000000000000000000000000000100059985518420CICERO JOCELMO COSTA DA SILVA           RUA: 17, 36 RIO CORRENTE PETROLINA PE               56300000                                                            000011
100000 000000000000 00090345100325490REGTIT30932547616817     0002020000005994352100000000002N           2  01000599435225041900000000470000000000099N210319000000000000000310000000000000000000000000000000000000000000000100037011636854SARA PIRES DE OLIVEIRA                  RUA JUVENAL FAUSTINO DE MELO, 441 JARDIM            06604090                                                            000012
100000 000000000000 00090345100325490REGTIT30932828125564     0002020000005950281900000000002N           2  02000595028108031900000000106000000000099N031118000000000000000070000000000000000000000000000000000000000000000100000123157102ARACY MARCOLINA DA SILVA                COUTO MAGALHAES, 2600 CENTRO VARZEA GRAN            78110400                                                            000013
100000 000000000000 00090345100325490REGTIT30933224570610     0002020000005968435600000000002N           2  02000596843522021900000000072500000000099N221218000000000000000050000000000000000000000000000000000000000000000100001283578190CRISTIANE MORAES DA SILVA               BOM JESUS, 671 CASA POCAO CUIABA MT                 78000000                                                            000014
100000 000000000000 00090345100325490REGTIT30933624871480     0002020000005979054700000000002N           2  02000597905410031900000000140000000000099N080219000000000000000090000000000000000000000000000000000000000000000100000568000293SHEILA DOS SANTOS LOPES                 RIO DA SÉ, 00 CACHOEIRA DO ARARI CACHOEI            66840000                                                            000015
100000 000000000000 00090345100325490REGTIT30933679486496     0002020000005947976000000000002N           2  02000594797620031900000000170000000000099N181018000000000000000110000000000000000000000000000000000000000000000100017767671879ANA MÁRCIA DOS SANTOS                   PADRE VICTORIO FREGUGLIA AP 24 A, 675 CO            13458190                                                            000016
100000 000000000000 00090345100325490REGTIT30933796899306     0002020000005928619900000000002N           2  02000592861928021900000000108350000000099N250818000000000000000070000000000000000000000000000000000000000000000100069348863487CICERA DE SOUZA SANTOS                  RUA: DO REPOUSO, 69 DOM AVELAR PETROLINA            56300000                                                            000017
100000 000000000000 00090345100325490REGTIT30934031137153     0002020000005949506500000000002N           2  02000594950623021900000000108330000000099N271018000000000000000070000000000000000000000000000000000000000000000100074734377472MARIA DO SOCORRO DOS SANTOS SILVA       RUA: DAS FLORES, 78 AGROVILA MASSANGANO             56300000                                                            000018
100000 000000000000 00090345100325490REGTIT30934106941545     0002020000005994359900000000002N           2  01000599435925041900000000264000000000099N210319000000000000000180000000000000000000000000000000000000000000000100048107400801ALAN BERNARDINO DA SILVA                ANTONIO JULIO DOS SANTOS, 196 PARAISOPOL            05661020                                                            000019
100000 000000000000 00090345100325490REGTIT30934129464622     0002020000005978950600000000002N           2  02000597895028031900000000057500000000099N070219000000000000000040000000000000000000000000000000000000000000000100009564468922SONIA BARBOSA SANTIAGO                  INDEPENDENCIA, 0 CENTRO OURIZONA PR                 87170000                                                            000020
100000 000000000000 00090345100325490REGTIT30934378781980     0002020000005978277300000000002N           2  02000597827702041900000000112500000000099N020219000000000000000080000000000000000000000000000000000000000000000100000580455114NELCELI LIMA DOS SANTOS                 RUA IPE QD 22 LOTE 09 MORADA DO SOL, 09             77270000                                                            000021
100000 000000000000 00090345100325490REGTIT30934508588355     0002020000005985754400000000002N           2  02000598575420031900000000150000000000099N220219000000000000000100000000000000000000000000000000000000000000000100004283347256RODSON GONÇALVES DOS SANTOS             RUA BARBOSA SOBRINHO, Kitnet 33 TAPANA B            66800000                                                            000022
100000 000000000000 00090345100325490REGTIT30934594792669     0002020000005959318000000000002N           2  02000595931815031900000000100000000000099N281118000000000000000070000000000000000000000000000000000000000000000100034044680159ENRIQUETA DE CAMARGO                    2 A, 18 QD 3A JD VITORIA CUIABA MT                  78058000                                                            000023
100000 000000000000 00090345100325490REGTIT30934614937831     0002020000005919903200000000002N           2  02000591990305031900000000400000000000099N010818000000000000000270000000000000000000000000000000000000000000000100051135278822NATANAEL OLIVEIRA DIAS                  SERRA NEGRA, 41 JARDIM DOM JOSE EMBU SP             06824095                                                            000024
100000 000000000000 00090345100325490REGTIT30934715847186     0002020000005950122700000000002N           2  02000595012203031900000000160000000000099N011118000000000000000110000000000000000000000000000000000000000000000100000884060241VALRINEY RODRIGUES PADILHA              PRIMAVERA, 64 TAPANA (ICOARACI) BELEM PA            66825140                                                            000025
100000 000000000000 00090345100325490REGTIT30934745577946     0002020000005896431200000000002N           2  02000589643122021900000000400000000000099N110518000000000000000270000000000000000000000000000000000000000000000100001033196118MARIA CRISTINDA SILVA MEDEIROS          CARLOS LACERDA, 1406 PIRAJUSSARA SAO PAU            05789001                                                            000026
100000 000000000000 00090345100325490REGTIT30935670692233     0002020000005947416500000000002N           2  02000594741615031900000000440000000000099N151018000000000000000290000000000000000000000000000000000000000000000100012363428870VANDA AP PALHARES DA SILVA              PROFETA ISAIAS, 659 JARDIM LAUDISSI SANT            13458080                                                            000027
100000 000000000000 00090345100325490REGTIT30935774402129     0002020000005946843200000000002N           2  02000594684310031900000000100000000000099N101018000000000000000070000000000000000000000000000000000000000000000100021421200406FRANCISCO DIASSIS DE SOUZA              03, 01 VILA VELHA PROJETO N 8 PETROLINA             56300000                                                            000028
100000 000000000000 00090345100325490REGTIT30935774402129     0002020000005946844000000000002N           2  02000594684410041900000000100000000000099N101018000000000000000070000000000000000000000000000000000000000000000100021421200406FRANCISCO DIASSIS DE SOUZA              03, 01 VILA VELHA PROJETO N 8 PETROLINA             56300000                                                            000029
100000 000000000000 00090345100325490REGTIT30935776076929     0002020000005910247000000000002N           2  02000591024727021900000000125000000000099N280618000000000000000080000000000000000000000000000000000000000000000100012728378827ELIANE DE SOUZA SILVA                   RUA: JOSE LOPES DINIZ, 385 VILA MARCELA             56300000                                                            000030
100000 000000000000 00090345100325490REGTIT30935795073476     0002020000005993910900000000002N           2  02000599391025031900000000106410000000099N190319000000000000000070000000000000000000000000000000000000000000000100042295354811LUCAS TERTO DA SILVA                    BENEDITO AFONSO SIQUEIRA, 246 PARQUE PIN            06766160                                                            000031
100000 000000000000 00090345100325490REGTIT30935874729487     0002020000005936995700000000002N           2  02000593699506031900000000075000000000099N120918000000000000000050000000000000000000000000000000000000000000000100014585600400JOAO DIAS DA SILVA                      RUA: 02, 298 PEDRO RAIMUNDO PETROLINA PE            56300000                                                            000032
100000 000000000000 00090345100325490REGTIT30935878415782     0002020000005967265P00000000002N           2  02000596726521031900000000108950000000099N151218000000000000000070000000000000000000000000000000000000000000000100003136266935NEUSA DO SANTOS MONTEIRO                CANADÁ, 527 CENTRO OURIZONA PR                      87170000                                                            000033
100000 000000000000 00090345100325490REGTIT30935948761494     0002020000005939597400000000002N           2  02000593959725021900000000050000000000099N270918000000000000000030000000000000000000000000000000000000000000000100008767596495ADRIANA SILVA SOARES                    RUA: DA PAZ, 155 AGROVILA MASSANGANO PET            56300000                                                            000034
100000 000000000000 00090345100325490REGTIT30935998390143     0002020000005929042000000000002N           2  02000592904205031900000000100000000000099N270818000000000000000070000000000000000000000000000000000000000000000100003460730498MARIA GIRLENE DA SILVA SOARES           RUA: M, 05 PROJETO N 10 PETROLINA PE                56300000                                                            000035
100000 000000000000 00090345100325490REGTIT30936391371749     0002020000005920020000000000002N           2  02000592002028021900000000130000000000099N020818000000000000000090000000000000000000000000000000000000000000000100007927186400FRANCISCA ARTUR DE MELO                 RUA: A, 94 PROJETO N 3 PETROLINA  PE                56300000                                                            000036
100000 000000000000 00090345100325490REGTIT30936436946801     0002020000005976357400000000002N           2  02000597635721031900000000076700000000099N190119000000000000000050000000000000000000000000000000000000000000000100032372063855SOLANGE APARECIDA LARSSON               RUA UM, 24 PQ DO CAFE DOIS MONTE MOR SP             13190000                                                            000037
100000 000000000000 00090345100325490REGTIT30936492530918     0002020000005950741100000000002N           2  02000595074103031900000000071670000000099N061118000000000000000050000000000000000000000000000000000000000000000100006679506484MARIA DAS DORES DA SILVA                RUA 11, 155 JOAO DE DEUS PETROLINA PE               56300000                                                            000038
100000 000000000000 00090345100325490REGTIT30936728057405     0002020000005940866900000000002N           2  02000594086610031900000000118000000000099N041018000000000000000080000000000000000000000000000000000000000000000100096293470168ELINETE MACEDO ALVES                    EZEQUIEL ESTOQUIO DE SOUZA, S|N DISTRITO            78000000                                                            000039
100000 000000000000 00090345100325490REGTIT30937054634255     0002020000005937042400000000002N           2  02000593704206031900000000108350000000099N120918000000000000000070000000000000000000000000000000000000000000000100006278946319ALINE CRUZ DO NASCIMENTO                RUA: G, 50 PROJETO C 02 PETROLINA PE                56300000                                                            000040
100000 000000000000 00090345100325490REGTIT30937267735265     0002020000005949576600000000002N           2  02000594957624021900000000128330000000099N291018000000000000000090000000000000000000000000000000000000000000000100053541863315IZIDORIO FRANCISCO DOS REIS             RUA: RIO GRANDE DO SUL, 112 JOSE E MARIA            56300000                                                            000041
100000 000000000000 00090345100325490REGTIT30937707844662     0002020000005959344P00000000002N           2  02000595934428021900000000058330000000099N281118000000000000000040000000000000000000000000000000000000000000000100036388289487JOSE ANTONIO DOS SANTOS                 RUA 13, 220 VILA MARCELA PETROLINA PE               56300000                                                            000042
100000 000000000000 00090345100325490REGTIT30937838470426     0002020000005959126900000000002N           2  02000595912627021900000000112500000000099N271118000000000000000080000000000000000000000000000000000000000000000100002692615409IRACEMA DA SILVA ALVES                  QUADRA D, 01 PROJETO N 10 PETROLINA PE              56300000                                                            000043
100000 000000000000 00090345100325490REGTIT30938072119152     0002020000005921073700000000002N           2  02000592107310031900000000257500000000099N080818000000000000000170000000000000000000000000000000000000000000000100033005583104ANA JACIRA DE OLIVEIRA                  D, 0 QD  01 LT12 C 25  PARQUE CUIABA CUI            78095328                                                            000044
100000 000000000000 00090345100325490REGTIT30938278069053     0002020000005958868300000000002N           2  02000595886826031900000000029980000000099N261118000000000000000020000000000000000000000000000000000000000000000100004064111907JOELMA DE OLIVEIRA PINHEIRO             PROJETADA C, 90 HENRIQUE MARTELOSSO CENT            87170000                                                            000045
100000 000000000000 00090345100325490REGTIT30939050405733     0002020000005899030500000000002N           2  02000589903022021900000000095000000000099N220518000000000000000060000000000000000000000000000000000000000000000100090134583434ISRRAEL DOS SANTOS                      RUA: 15, 05 PROJETO MARIA TEREZA PETROLI            56300000                                                            000046
100000 000000000000 00090345100325490REGTIT30939576834796     0002020000005960301100000000002N           2  02000596030111031900000000080000000000099N041218000000000000000050000000000000000000000000000000000000000000000100070720070163NILZA SANTOS MAGALHAES                  01, 01 FUNDOS  JARDIM BRASIL CUIABA MT              78058184                                                            000047
100000 000000000000 00090345100325490REGTIT30939783566784     0002020000005918949500000000002N           2  02000591894923021900000000150000000000099N250718000000000000000100000000000000000000000000000000000000000000000100086833383472VALDEMIR FRANCISCO DA SILVA             RUA: 54, 260 JOAO DE DEUS PETROLINA PE              56300000                                                            000048
9                                                                                                                                                                                                                                                                                                                                                                                                         000049