01REMESSA01COBRANCA       00000000000004852239ISPCN                         237BRADESCO       060319        MX0002970                                                                                                                                                                                                                                                                                     000001
100000 000000000000 00090345100325490REGTIT29701121061100     0002020000005909735300000000002N           2  02000590973528021900000000079000000000099N250618000000000000000050000000000000000000000000000000000000000000000100038302983829HELIO JOAQUIM OLIVEIRA                  DA ALEGRIA, 95 JARDIM VISTA ALEGRE SANTA            13458586                                                            000002
100000 000000000000 00090345100325490REGTIT29701476078993     0002020000005985260700000000002N           2  02000598526011031900000000353200000000099N180219000000000000000240000000000000000000000000000000000000000000000100053155084049CATIA CILENE FONTOURA ARRUDA            LUPICINIO RODRIGUES, 1259 CASA STA RITA             92500000                                                            000003
100000 000000000000 00090345100325490REGTIT29701498764732     0002020000005969856P00000000002N           2  02000596985610031900000000097550000000099N090119000000000000000070000000000000000000000000000000000000000000000100056809840915SUZANA BARRACA                          19 DE NOVEMBRO, 516 CASA CENTRO OURIZONA            87170000                                                            000004
100000 000000000000 00090345100325490REGTIT29701517814658     0002020000005908935000000000002N           2  02000590893510031900000000170000000000099N190618000000000000000110000000000000000000000000000000000000000000000100030691104875SANDRA SOARES OLIVEIRA                  SITIO GRACIANO, 00 PORTAO VERDE SANTO AN            13450000                                                            000005
100000 000000000000 00090345100325490REGTIT29701895637102     0002020000005986625P00000000002N           2  01000598662527031900000000222000000000099N060319000000000000000150000000000000000000000000000000000000000000000100009231081900ANDRÉ ELIAS DE BASTOS                   ,  SANTANA SAO JOSE DOS PINHAIS PR                  83070390                                                            000006
100000 000000000000 00090345100325490REGTIT29701927331822     0002020000005986633000000000002N           2  01000598663320031900000000538000000000099N060319000000000000000360000000000000000000000000000000000000000000000279766887000183BIOAGRO                                 ROD DO XISTO BR 476, 6964 KM 21 VILA NOV            83703265                                                            000007
100000 000000000000 00090345100325490REGTIT29702410532587     0002020000005902058P00000000002N           2  02000590205815021900000000330000000000099N070618000000000000000220000000000000000000000000000000000000000000000100037564791888TAINA KRYSIA G TEIXEIRA                 OSORIO DUQUE ESTRADA, 647 JD BATIGIM SBO            13450000                                                            000008
100000 000000000000 00090345100325490REGTIT29703561344539     0002020000005986632200000000002N           2  01000598663206041900000000615000000000099N060319000000000000000410000000000000000000000000000000000000000000000100004309570178GENI GONCALVES LACERDA                  RUA THEREZA SILVEIRA DE ALMEIDA, 7 JARDI            04935070                                                            000009
100000 000000000000 00090345100325490REGTIT29704131190669     0002020000005969802000000000002N           2  02000596980208021900000000141670000000099N080119000000000000000090000000000000000000000000000000000000000000000100025801296859OSCAR SILGUEIRA FREIRE                  DEZESSETE, 135 PQ DO CAFE UM MONTE MOR S            13190000                                                            000010
100000 000000000000 00090345100325490REGTIT29704606987713     0002020000005930714500000000002N           2  02000593071405031900000000150000000000099N040918000000000000000100000000000000000000000000000000000000000000000100017151480881LAURINDA GONCALVES DE SOUZA ALBIERO     ALBERTO NOVAES, 372 RES. FURLAN SANTA BÁ            13451192                                                            000011
100000 000000000000 00090345100325490REGTIT29704660702165     0002020000005968149700000000002N           2  02000596814911021900000000277000000000099N201218000000000000000180000000000000000000000000000000000000000000000100025801296859OSCAR SILGUEIRA FREIRE                  DEZESSETE, 135 PQ DO CAFE UM MONTE MOR S            13190000                                                            000012
100000 000000000000 00090345100325490REGTIT29705590199426     0002020000005986629200000000002N           2  01000598662921031900000000224500000000099N060319000000000000000150000000000000000000000000000000000000000000000100003829396970MARIA LUANA GRACHOSKA                   ESTRADA DA SARACURA, 812 CAMPO LARGO DA             83183990                                                            000013
100000 000000000000 00090345100325490REGTIT29705783416827     0002020000005985296800000000002N           2  02000598529605031900000000122670000000099N180219000000000000000080000000000000000000000000000000000000000000000100011687443858MARCOS FRANCISCO DOS SANTOS             RUA SEBASTIAO MALUCELLI, 1200 BL E AP 23            81050270                                                            000014
100000 000000000000 00090345100325490REGTIT29706323695911     0002020000005970266400000000002N           2  02000597026605031900000000120000000000099N100119000000000000000080000000000000000000000000000000000000000000000100059067993204ALEXANDRE PANTOJA GONÇALVES             SIQUEIRA MENDES, 594 CRUZEIRO (ICOARACI)            66810050                                                            000015
100000 000000000000 00090345100325490REGTIT29706449272731     0002020000005948364400000000002N           2  02000594836420021900000000111390000000099N201018000000000000000070000000000000000000000000000000000000000000000100025801296859OSCAR SILGUEIRA FREIRE                  DEZESSETE, 135 PQ DO CAFE UM MONTE MOR S            13190000                                                            000016
100000 000000000000 00090345100325490REGTIT29706789416207     0002020000005978079700000000002N           2  02000597807902031900000000196000000000099N310119000000000000000130000000000000000000000000000000000000000000000100029552273234NALVA DO SOCORRO SOUZA DA SILVA         TRAVESSA SAO ROQUE, 974 CRUZEIRO BELEM P            66810020                                                            000017
100000 000000000000 00090345100325490REGTIT29706819945983     0002020000005976766900000000002N           2  02000597676610031900000000560000000000099N220119000000000000000370000000000000000000000000000000000000000000000100011551813874VILMA AP SOARES DA SILVA                PEDRO CANDIDO RANGEL, 183 PARQUE RESIDEN            13458066                                                            000018
100000 000000000000 00090345100325490REGTIT29706928303734     0002020000005978093200000000002N           2  02000597809306031900000000190000000000099N310119000000000000000130000000000000000000000000000000000000000000000100004737842893URIEL DE JESUS SANDINO PEREZ            WILHELM FRIEDRICH LADWIG, 80 JARDIM CLAR            05866170                                                            000019
100000 000000000000 00090345100325490REGTIT29707122917580     0002020000005967906900000000002N           2  02000596790625021900000000190000000000099N191218000000000000000130000000000000000000000000000000000000000000000100038302983829HELIO JOAQUIM OLIVEIRA                  DA ALEGRIA, 95 JARDIM VISTA ALEGRE SANTA            13458586                                                            000020
100000 000000000000 00090345100325490REGTIT29707228241513     0002020000005968489500000000002N           2  02000596848922021900000000032350000000099N221218000000000000000020000000000000000000000000000000000000000000000100006124675978ALESSANDRA DA SILVA FLORENCIO           PARANA, 487 CENTRO OURIZONA PR                      87170000                                                            000021
100000 000000000000 00090345100325490REGTIT29707519536423     0002020000005986634900000000002N           2  01000598663406041900000000320000000000099N060319000000000000000210000000000000000000000000000000000000000000000203476684000190TERCEIRO MILENIO AVIACAO AGRICOLA LTDA  AVENIDA MANOEL RIBAS, 1621 SALA 3 CENTRO            85010180                                                            000022
100000 000000000000 00090345100325490REGTIT29708050477368     0002020000005948635P00000000002N           2  02000594863523021900000000038300000000099N231018000000000000000030000000000000000000000000000000000000000000000100006124675978ALESSANDRA DA SILVA FLORENCIO           PARANA, 487 CENTRO OURIZONA PR                      87170000                                                            000023
100000 000000000000 00090345100325490REGTIT29708283395688     0002020000005968882300000000002N           2  02000596888228021900000000350000000000099N271218000000000000000230000000000000000000000000000000000000000000000100005752450268JUCIREMA CONCEIÇÃO DOS SANTOS           TRAVESSA DO CRUZEIRO, 1296 CRUZEIRO BELE            66810000                                                            000024
100000 000000000000 00090345100325490REGTIT29709199297589     0002020000005929005600000000002N           2  02000592900510031900000000160000000000099N270818000000000000000110000000000000000000000000000000000000000000000100025801296859OSCAR SILGUEIRA FREIRE                  DEZESSETE, 135 PQ DO CAFE UM MONTE MOR S            13190000                                                            000025
100000 000000000000 00090345100325490REGTIT29709333837698     0002020000005986630600000000002N           2  01000598663020031900000000165000000000099N060319000000000000000110000000000000000000000000000000000000000000000279766887000183BIOAGRO                                 ROD DO XISTO BR 476, 6964 KM 21 VILA NOV            83703265                                                            000026
100000 000000000000 00090345100325490REGTIT29709388521292     0002020000005917825600000000002N           2  02000591782510031900000000590000000000099N180718000000000000000390000000000000000000000000000000000000000000000100025801296859OSCAR SILGUEIRA FREIRE                  DEZESSETE, 135 PQ DO CAFE UM MONTE MOR S            13190000                                                            000027
100000 000000000000 00090345100325490REGTIT29709455264475     0002020000005950567200000000002N           2  02000595056710031900000000068000000000099N061118000000000000000050000000000000000000000000000000000000000000000100086830996872GILBERTO DE SIQUEIRA GERALDO            INDAIÁ, 55 JARDIM BATAGIN SANTA BÁRBARA             13453068                                                            000028
100000 000000000000 00090345100325490REGTIT29709697683138     0002020000005986626800000000002N           2  01000598662620031900000000203500000000099N060319000000000000000140000000000000000000000000000000000000000000000100003904365932MARIA LINDACIR DA CRUZ                  VILA NOVA, 240 CACHOEIRA SAO JOSE DOS PI            83022400                                                            000029
9                                                                                                                                                                                                                                                                                                                                                                                                         000030