01REMESSA01COBRANCA       00000000000004852239ISPCN                         237BRADESCO       190319        MX0003071                                                                                                                                                                                                                                                                                     000001
100000 000000000000 00090345100325490REGTIT30712250646269     0002020000005968480100000000002N           2  02000596848028021900000000503750000000099N221218000000000000000340000000000000000000000000000000000000000000000100049832079888GABRIEL LEITE DA SILVA                  MARIA HENRIQUETA INACIO BAPTISTA, 315 JA            06775151                                                            000002
100000 000000000000 00090345100325490REGTIT30712250646269     0002020000005968481P00000000002N           2  02000596848130031900000000503750000000099N221218000000000000000340000000000000000000000000000000000000000000000100049832079888GABRIEL LEITE DA SILVA                  MARIA HENRIQUETA INACIO BAPTISTA, 315 JA            06775151                                                            000003
100000 000000000000 00090345100325490REGTIT30713805308908     0002020000005969876400000000002N           2  02000596987610031900000000148000000000099N090119000000000000000100000000000000000000000000000000000000000000000100078752434915ELIANA MARIANO DE OLIVEIRA              VENCESLAU BRAZ, 145 CONJUNTO HABITACIONA            13453189                                                            000004
100000 000000000000 00090345100325490REGTIT30713984947854     0002020000005993808000000000002N           2  01000599380819041900000000890000000000099N190319000000000000000590000000000000000000000000000000000000000000000100040492921814IGOR PICCINI                            NOSSA SENHORA DA CONCEIÇÃO, 261 JARDIM M            06865410                                                            000005
100000 000000000000 00090345100325490REGTIT30714131190669     0002020000005969803900000000002N           2  02000596980308031900000000141670000000099N080119000000000000000090000000000000000000000000000000000000000000000100025801296859OSCAR SILGUEIRA FREIRE                  DEZESSETE, 135 PQ DO CAFE UM MONTE MOR S            13190000                                                            000006
100000 000000000000 00090345100325490REGTIT30714477991142     0002020000005900858P00000000002N           2  02000590085810031900000000179400000000099N020618000000000000000120000000000000000000000000000000000000000000000100020513409866ADRIANA MARTINS SALGADO                 EST SÃO FRANCISCO, 1041  AP 233 BL B JD             06764290                                                            000007
100000 000000000000 00090345100325490REGTIT30714554370347     0002020000005993797100000000002N           2  01000599379703051900000000067000000000099N190319000000000000000090000000000000000000000000000000000000000000000100002649819103FERNADA MELO OLIVEIRA                   RUA 24 QD 14 LT 31 CASA 01, s|n  QD 14 L            74970000                                                            000008
100000 000000000000 00090345100325490REGTIT30714660702165     0002020000005968150000000000002N           2  02000596815011031900000000277000000000099N201218000000000000000180000000000000000000000000000000000000000000000100025801296859OSCAR SILGUEIRA FREIRE                  DEZESSETE, 135 PQ DO CAFE UM MONTE MOR S            13190000                                                            000009
100000 000000000000 00090345100325490REGTIT30714861787478     0002020000005958569200000000002N           2  02000595856910031900000000060000000000099N241118000000000000000040000000000000000000000000000000000000000000000100046761489920JOAO CORREIA                            ATLAS, 940 CENTRO OURIZONA PR                       87170000                                                            000010
100000 000000000000 00090345100325490REGTIT30715221088818     0002020000005928239800000000002N           2  02000592823923021900000000108330000000099N230818000000000000000070000000000000000000000000000000000000000000000100024847344847GERLANDIO VIEIRA DE FREITAS             SAO LAZARO GLEBA 03 CASA 03 NUMERO 353,             72700000                                                            000011
100000 000000000000 00090345100325490REGTIT30715904752467     0002020000005993792000000000002N           2  01000599379208041900000000132800000000099N190319000000000000000090000000000000000000000000000000000000000000000203682620000146RAVENNA                                 AV JOAO CARLOS DA SILVA BORGES, 532 VILA            04726001                                                            000012
100000 000000000000 00090345100325490REGTIT30717308010968     0002020000005993796300000000002N           2  01000599379619041900000002500000000000099N190319000000000000001670000000000000000000000000000000000000000000000100026964367896ISABEL CRISTINA DIAS DE SOUZA           SARAH VELOSO, 0 VELOSO OSASCO SP                    06150000                                                            000013
100000 000000000000 00090345100325490REGTIT30717511923271     0002020000005985043400000000002N           2  02000598504320031900000000230000000000099N160219000000000000000150000000000000000000000000000000000000000000000100028950007860SARA QUEIROZ RIBEIRO FELICIANO          ORLANDO CERCHIARE, 105 JARDIM VILA RICA             13453255                                                            000014
100000 000000000000 00090345100325490REGTIT30717839707301     0002020000005928827200000000002N           2  02000592882725031900000000118750000000099N270818000000000000000080000000000000000000000000000000000000000000000100091397723149MADALENA  LAURA  DA  SILVA              RUA  48, N 260 JOAO  DE  DEUS PETROLINA             56300000                                                            000015
100000 000000000000 00090345100325490REGTIT30718000229870     0002020000005993785800000000002N           2  01000599378519041900000000133820000000099N190319000000000000000090000000000000000000000000000000000000000000000100010451950909JULIANE DO CARMO DA CRUZ                RUA ESTEVAM DE SOUZA NETTO, 25 CARA-CARA            84036808                                                            000016
100000 000000000000 00090345100325490REGTIT30718864709374     0002020000005985201100000000002N           2  02000598520118031900000000201750000000099N180219000000000000000130000000000000000000000000000000000000000000000100010244805938CLEYTON MONTOLI                         JACKSON LUIZ PAVIN, 236 CASA 02 ROCA GRA            83402194                                                            000017
100000 000000000000 00090345100325490REGTIT30719373229328     0002020000005993809900000000002N           2  01000599380919041900000000395000000000099N190319000000000000000260000000000000000000000000000000000000000000000100029595303810MAIRA FERNANDA DA SILVA DE ALMEIDA      PAULO PORTINANN, 183 NUCLEO RESIDENCIAL             06780170                                                            000018
100000 000000000000 00090345100325490REGTIT30719638299706     0002020000005918793P00000000002N           2  02000591879320021900000000108000000000099N250718000000000000000070000000000000000000000000000000000000000000000100008637533884JAIRA CARLOS                            MARIO DANIEL, 80 ROCHELLE II SANTA BARBA            13450000                                                            000019
100000 000000000000 00090345100325490REGTIT30719781106681     0002020000005993784P00000000002N           2  01000599378419041900000000060000000000099N190319000000000000000040000000000000000000000000000000000000000000000100003802746805ROBERTO FIDENCIO                        RUA SEIS, 35 PQ BELA VISTA MONTE MOR SP             13190000                                                            000020
9                                                                                                                                                                                                                                                                                                                                                                                                         000021