01REMESSA01COBRANCA       00000000000004852239ISPCN                         237BRADESCO       130319        MX0003026                                                                                                                                                                                                                                                                                     000001
100000 000000000000 00090345100325490REGTIT30261397749247     0002020000005992730500000000002N           2  01000599273025041900000000250000000000099N130319000000000000000170000000000000000000000000000000000000000000000100005594531912AINE LEDI EVANGELISTA                   FRANCISCO LEAL, 500 CASA 11 VILA SAO CRI            83301700                                                            000002
100000 000000000000 00090345100325490REGTIT30261612180512     0002020000005898630800000000002N           2  02000589863018021900000000110000000000099N210518000000000000000070000000000000000000000000000000000000000000000100002699919489FRANCISCO DE JESUS NASCIMENTO           10, 45 S츒 JORGE PETROLINA PE                       56300000                                                            000003
100000 000000000000 00090345100325490REGTIT30261618118422     0002020000005979061P00000000002N           2  02000597906110031900000000034730000000099N080219000000000000000020000000000000000000000000000000000000000000000100011816345989FABIO DO VALE DE OLIVEIRA               100 ALQUEIRES,  CENTRO OURIZONA PR                  87170000                                                            000004
100000 000000000000 00090345100325490REGTIT30261734345758     0002020000005957630800000000002N           2  02000595763002031900000000108330000000099N191118000000000000000070000000000000000000000000000000000000000000000100013353223452MAIARA DOS SANTOS LIMA                  RUA 04, 07 VILA NOVA N8 PETROLINA PE                56300000                                                            000005
100000 000000000000 00090345100325490REGTIT30262352263811     0002020000005992752600000000002N           2  01000599275204041900000000101000000000099N130319000000000000000070000000000000000000000000000000000000000000000100003303031983ADMILSON MARRONI                        AV. MAL DEODORO, 2812 BAIRRO ALTO CURITI            82820110                                                            000006
100000 000000000000 00090345100325490REGTIT30262424262521     0002020000005939396300000000002N           2  02000593939624021900000000100000000000099N270918000000000000000070000000000000000000000000000000000000000000000100006522824400SHIRLYS KALIANA DA CONCEICAO SILVA      RUA 42, 71 S츒 GON큐LO PETROLINA PE                 56300000                                                            000007
100000 000000000000 00090345100325490REGTIT30262473427032     0002020000005992733P00000000002N           2  01000599273320041900000000086110000000099N130319000000000000000060000000000000000000000000000000000000000000000100005111393900CLAUDINEIA DOS REIS DA SILVA            FLORIANOPOLIS, 334 CASA CONJUNTO HENRIQU            87170000                                                            000008
100000 000000000000 00090345100325490REGTIT30262473427032     0002020000005992732100000000002N           2  01000599273220041900000000861100000000099N130319000000000000000000000000000000000000000000000000000000000000000100005111393900CLAUDINEIA DOS REIS DA SILVA            FLORIANOPOLIS, 334 CASA CONJUNTO HENRIQU            87170000                                                            000009
100000 000000000000 00090345100325490REGTIT30262498593880     0002020000005958118200000000002N           2  02000595811821021900000000091670000000099N221118000000000000000060000000000000000000000000000000000000000000000100070879678437IVONEIDE PEREIRA DA CONCEICAO           RUA 05, 250 FERNANDO IDALINO  PETROLINA             56300000                                                            000010
100000 000000000000 00090345100325490REGTIT30262531679111     0002020000005929056000000000002N           2  02000592905621021900000000118750000000099N270818000000000000000080000000000000000000000000000000000000000000000100081643446568MISSILENE DA SILVA APOSTOLO             RUA: VILA NOVA, 12 PROJETO N 02 PETROLIN            56300000                                                            000011
100000 000000000000 00090345100325490REGTIT30262852917557     0002020000005958642700000000002N           2  02000595864224021900000000139000000000099N241118000000000000000090000000000000000000000000000000000000000000000100002498826980FATIMA CATARINA RODRIGUES VOLPATO       CAMPO GRANDE, 1314 CENTRO OURIZONA PR               87170000                                                            000012
100000 000000000000 00090345100325490REGTIT30262852917557     0002020000005958643500000000002N           2  02000595864324031900000000139000000000099N241118000000000000000090000000000000000000000000000000000000000000000100002498826980FATIMA CATARINA RODRIGUES VOLPATO       CAMPO GRANDE, 1314 CENTRO OURIZONA PR               87170000                                                            000013
100000 000000000000 00090345100325490REGTIT30263790165132     0002020000005985776500000000002N           2  02000598577609031900000000250000000000099N220219000000000000000330000000000000000000000000000000000000000000000201239951000180Novo tempo industria e comercio de artig,  ALTO MARACANA COLOMBO PR                         83408450                                                            000014
100000 000000000000 00090345100325490REGTIT30264065937196     0002020000005940634800000000002N           2  02000594063420021900000000175820000000099N031018000000000000000120000000000000000000000000000000000000000000000100040952053004FRANCISCO DAVI MERELES                  DOUTOR LEOPOLDO GUIMARAES DA CUNHA, 234             84035310                                                            000015
100000 000000000000 00090345100325490REGTIT30264188011785     0002020000005926267200000000002N           2  02000592626705031900000000068750000000099N110818000000000000000050000000000000000000000000000000000000000000000100006397567435ETELVINA MENDES DA SILVA                RUA J1 , BLOCO RIO PANTANIO, AP 101 VIVE            56300000                                                            000016
100000 000000000000 00090345100325490REGTIT30264444737455     0002020000005984121400000000002N           2  02000598412110031900000000032450000000099N090219000000000000000020000000000000000000000000000000000000000000000100011816345989FABIO DO VALE DE OLIVEIRA               100 ALQUEIRES,  CENTRO OURIZONA PR                  87170000                                                            000017
100000 000000000000 00090345100325490REGTIT30264463822286     0002020000005938915P00000000002N           2  02000593891528021900000000091670000000099N240918000000000000000060000000000000000000000000000000000000000000000100003961049408MARIA JOSE DOS SANTOS                   SITIO, S|N PROJETO MARIA TEREZA PETROLIN            56300000                                                            000018
100000 000000000000 00090345100325490REGTIT30264475459700     0002020000005917958900000000002N           2  02000591795805031900000000100000000000099N190718000000000000000070000000000000000000000000000000000000000000000100097579084449DEUSIVAN COSTA LIMA                     RUA: B, 30 PROJETO N 03 PETROLINA PE                56300000                                                            000019
100000 000000000000 00090345100325490REGTIT30264480560541     0002020000005930113900000000002N           2  02000593011328021900000000070000000000099N010918000000000000000050000000000000000000000000000000000000000000000100028689291415JUVENAL ALVES FILHO                     SITIO BAIXA DA BOA VISTA, S|N  PROXIMO A            56300000                                                            000020
100000 000000000000 00090345100325490REGTIT30264552956637     0002020000005926733P00000000002N           2  02000592673310031900000000100000000000099N140818000000000000000070000000000000000000000000000000000000000000000100021384363491RAIMUNDO ANTONIO DE SOUZA               RUA: 03, 165 COSME E DAMIAO PETROLINA PE            56300000                                                            000021
100000 000000000000 00090345100325490REGTIT30264654557990     0002020000005948096300000000002N           2  02000594809610041900000000050000000000099N191018000000000000000030000000000000000000000000000000000000000000000100021384363491RAIMUNDO ANTONIO DE SOUZA               RUA: 03, 165 COSME E DAMIAO PETROLINA PE            56300000                                                            000022
100000 000000000000 00090345100325490REGTIT30264972593030     0002020000005931261000000000002N           2  02000593126105031900000000082000000000099N060918000000000000000050000000000000000000000000000000000000000000000100005361848441LIDIA  MARIA  RAMOS                     RUA  30, N 141 PARQUE  JATOBA PETROLINA             56300000                                                            000023
100000 000000000000 00090345100325490REGTIT30265043684707     0002020000005931471000000000002N           2  02000593147108031900000000085000000000099N080918000000000000000060000000000000000000000000000000000000000000000100002167667450MARIA  DO  CARMO  DE  LIMA   SANTOS     RUA POCO  DA  CAZE, 01 NOVA  DESCOBERTA             56300000                                                            000024
100000 000000000000 00090345100325490REGTIT30265252960137     0002020000005937861100000000002N           2  02000593786105031900000000100000000000099N180918000000000000000070000000000000000000000000000000000000000000000100045819211472EUGENIA  MARIA  DOS  SANTOS  NOGUEIRA   AVENIDA  03, N 56 VILA  VITORIA PETROLIN            56300000                                                            000025
100000 000000000000 00090345100325490REGTIT30265701403721     0002020000005986624100000000002N           2  02000598662418031900000000491490000000099N060319000000000000000330000000000000000000000000000000000000000000000231135972000117TG EDUCA큐O S/A ,MATRIZ                 RUA VERISSIMO MARQUES, 584 CENTRO SAO JO            83005410                                                            000026
100000 000000000000 00090345100325490REGTIT30265892143145     0002020000005931341200000000002N           2  02000593134128021900000000100000000000099N060918000000000000000070000000000000000000000000000000000000000000000100003489251407ROSILEIDE ROSA PEREIRA NUNES            RUA: 10, 231 TERRA DO SUL PETROLINA PE              56300000                                                            000027
100000 000000000000 00090345100325490REGTIT30266111475481     0002020000005984262800000000002N           2  02000598426220021900000000228670000000099N110219000000000000000150000000000000000000000000000000000000000000000100002128911036TIAGO GON큐LVES AMARO                   OLMA AVELINE CEZAR 430, 430 CASA CENTRO             96765000                                                            000028
100000 000000000000 00090345100325490REGTIT30266300498325     0002020000005919608400000000002N           2  02000591960826021900000000050000000000099N300718000000000000000030000000000000000000000000000000000000000000000100059242973491EDVALDO AMANCIO DE LIRA                 B, 26 PREJETO C1 PETROLINA PE                       56300000                                                            000029
100000 000000000000 00090345100325490REGTIT30266300498325     0002020000005919609200000000002N           2  02000591960926031900000000050000000000099N300718000000000000000030000000000000000000000000000000000000000000000100059242973491EDVALDO AMANCIO DE LIRA                 B, 26 PREJETO C1 PETROLINA PE                       56300000                                                            000030
100000 000000000000 00090345100325490REGTIT30266413449781     0002020000005938984200000000002N           2  02000593898419031900000000100000000000099N250918000000000000000070000000000000000000000000000000000000000000000100007699552407ANA  PAULA  DA  SILVA  LIMA             RUA  C, N 73 C 2 PISNO PETROLINA PE                 56300000                                                            000031
100000 000000000000 00090345100325490REGTIT30266515748645     0002020000005987539900000000002N           2  02000598753912031900000000980000000000099N110319000000000000000650000000000000000000000000000000000000000000000100006243498964ROSIANE KREPEL                          PEDRO POLATI, 62 MARUMBI PIRAQUARA PR               83304380                                                            000032
100000 000000000000 00090345100325490REGTIT30266765853683     0002020000005956702300000000002N           2  02000595670210031900000000250000000000099N121118000000000000000170000000000000000000000000000000000000000000000100004397398291ULISSES DIAS SIQUEIRA                   SOUZA FRANCO, 2890 ICOARACI BELEM  PA               66811880                                                            000033
100000 000000000000 00090345100325490REGTIT30267090028201     0002020000005951488400000000002N           2  02000595148810031900000000048900000000099N091118000000000000000030000000000000000000000000000000000000000000000100005036597974VALDIRENE LOPES DE SOUZA                IBIRAPITANGA, 0 FAZENDA BURITI CENTRO MA            87170000                                                            000034
100000 000000000000 00090345100325490REGTIT30267457439808     0002020000005992743700000000002N           2  01000599274310041900000000260000000000099N130319000000000000000170000000000000000000000000000000000000000000000100014085322800MARISA FELIX DA COSTA                   DOS EUCALIPTOS, 697 EUCALIPTOS CENTRO (C            06727240                                                            000035
100000 000000000000 00090345100325490REGTIT30267457439808     0002020000005992744500000000002N           2  01000599274410051900000000260000000000099N130319000000000000000170000000000000000000000000000000000000000000000100014085322800MARISA FELIX DA COSTA                   DOS EUCALIPTOS, 697 EUCALIPTOS CENTRO (C            06727240                                                            000036
100000 000000000000 00090345100325490REGTIT30267673173927     0002020000005977491600000000002N           2  02000597749110031900000000139840000000099N250119000000000000000090000000000000000000000000000000000000000000000100040952053004FRANCISCO DAVI MERELES                  DOUTOR LEOPOLDO GUIMARAES DA CUNHA, 234             84035310                                                            000037
100000 000000000000 00090345100325490REGTIT30267899850714     0002020000005976898300000000002N           2  02000597689821021900000000218750000000099N230119000000000000000150000000000000000000000000000000000000000000000208195565000183MERCADO DOURADOS(JULIO)                 AV.ANTONIO NUNES DA ROCHA, 380 RIO PEQUE            83070020                                                            000038
100000 000000000000 00090345100325490REGTIT30268054038546     0002020000005957075P00000000002N           2  02000595707513031900000000051100000000099N131118000000000000000030000000000000000000000000000000000000000000000100003576606920NANCI ROCHA                             CAMPO GRANDE, 46 CASA FUNDO CENTRO OURIZ            87170000                                                            000039
100000 000000000000 00090345100325490REGTIT30268193673288     0002020000005957177200000000002N           2  02000595717705031900000000095000000000099N141118000000000000000060000000000000000000000000000000000000000000000100007616294405ELIANE DA COSTA SANTOS                  RUA B, 30 PROJETO N3 PETROLINA PE                   56300000                                                            000040
100000 000000000000 00090345100325490REGTIT30268359940027     0002020000005959025400000000002N           2  02000595902508031900000000058330000000099N271118000000000000000040000000000000000000000000000000000000000000000100036802786591LAURITA  DE   SOUZA                     40, 250 SAO GON큐LO PETROLINA PE                    56300000                                                            000041
100000 000000000000 00090345100325490REGTIT30268381672484     0002020000005984634800000000002N           2  02000598463412031900000000449470000000099N130219000000000000000300000000000000000000000000000000000000000000000100016376720803MALVINA DO NASCIMENTO                   DA GRANJA, 145 CASA 2 BARNAB텝 JUQUITIBA            06950000                                                            000042
100000 000000000000 00090345100325490REGTIT30268838531287     0002020000005960084500000000002N           2  02000596008410031900000000183200000000099N031218000000000000000120000000000000000000000000000000000000000000000100040952053004FRANCISCO DAVI MERELES                  DOUTOR LEOPOLDO GUIMARAES DA CUNHA, 234             84035310                                                            000043
100000 000000000000 00090345100325490REGTIT30268853076986     0002020000005986623300000000002N           2  02000598662314031900000000341700000000099N060319000000000000000230000000000000000000000000000000000000000000000231135972000117TG EDUCA큐O S/A ,MATRIZ                 RUA VERISSIMO MARQUES, 584 CENTRO SAO JO            83005410                                                            000044
100000 000000000000 00090345100325490REGTIT30268926520583     0002020000005950532P00000000002N           2  02000595053209031900000000083330000000099N061118000000000000000060000000000000000000000000000000000000000000000100009026375417JAILENE   DE  CARVALHO  RODRIGUES       QUADRA  C, N 108 PROJETO  N5 PETROLINA P            56300000                                                            000045
100000 000000000000 00090345100325490REGTIT30269527692844     0002020000005939588500000000002N           2  02000593958825021900000000100000000000099N270918000000000000000070000000000000000000000000000000000000000000000100003152799403COSME DE SOUZA DA CUNHA                 SITIO PO큞, S|N PO큞 PETROLINA PE                   56300000                                                            000046
100000 000000000000 00090345100325490REGTIT30269643628170     0002020000005939003400000000002N           2  02000593900328021900000000066250000000099N250918000000000000000040000000000000000000000000000000000000000000000100005319620403MARLENE BARRETO DE LIMA                 RUA 05, 616 ANTONIO CASSIMIRO  PETROLINA            56300000                                                            000047
100000 000000000000 00090345100325490REGTIT30269709723898     0002020000005969871300000000002N           2  02000596987110031900000000120000000000099N090119000000000000000080000000000000000000000000000000000000000000000100008092154384JULIANA MARIA BARBOSA DIAS              NOSSA SENHORA DA CONCEICAO, 2 BRASILIA (            66845822                                                            000048
9                                                                                                                                                                                                                                                                                                                                                                                                         000049