01REMESSA01COBRANCA       00000000000004972103WC SISTEMAS E EQUIPAMENTOS DE 237BRADESCO       190319        MX0002637                                                                                                                                                                                                                                                                                     000001
100000 000000000000 00090345100240370REGTIT26371812070665     0002020000005964057P00000000002N           2  02181207066528121800000000238300000000099N061218000000000000000360000000000000000000000000000000000000000000000222356423000181INOVAR MOVEIS E DIVISORIAS ARTICULADAS  RUA ROGERIO DE SOUZA, 72                            83507252                                                            000002
100000 000000000000 00090345100240370REGTIT26371812071085     0002020000005964288200000000002N           2  02181207108528121800000000200650000000099N061218000000000000000300000000000000000000000000000000000000000000000100009040585903MAGALI WILSEK                           RUA AVESTRUZ, 813                                   83706230                                                            000003
100000 000000000000 00090345100240370REGTIT26371812072107     0002020000005965042700000000002N           2  02181207210728121800000000179700000000099N061218000000000000000270000000000000000000000000000000000000000000000222854247000108DRO2 GASES HOSPITALARES E INDUSTRIAIS LTRUA ANTONIO ZIELONKA, 600                           83323210                                                            000004
100000 000000000000 00090345100240370REGTIT26371901070665     0002020000005973560000000000002N           2  02190107066530011900000000114900000000099N110119000000000000000170000000000000000000000000000000000000000000000222356423000181INOVAR MOVEIS E DIVISORIAS ARTICULADAS  RUA ROGERIO DE SOUZA, 72                            83507252                                                            000005
100000 000000000000 00090345100240370REGTIT26371901071085     0002020000005973774300000000002N           2  02190107108530011900000000079900000000099N110119000000000000000120000000000000000000000000000000000000000000000100009040585903MAGALI WILSEK                           RUA AVESTRUZ, 813                                   83706230                                                            000006
100000 000000000000 00090345100240370REGTIT26371901072107     0002020000005974485500000000002N           2  02190107210730011900000000099800000000099N110119000000000000000150000000000000000000000000000000000000000000000222854247000108DRO2 GASES HOSPITALARES E INDUSTRIAIS LTRUA ANTONIO ZIELONKA, 600                           83323210                                                            000007
100000 000000000000 00090345100240370REGTIT26371902070665     0002020000005982316P00000000002N           2  02190207066528021900000000114900000000099N080219000000000000000170000000000000000000000000000000000000000000000222356423000181INOVAR MOVEIS E DIVISORIAS ARTICULADAS  RUA ROGERIO DE SOUZA, 72                            83507252                                                            000008
100000 000000000000 00090345100240370REGTIT26371902071085     0002020000005982518900000000002N           2  02190207108528021900000000079900000000099N080219000000000000000120000000000000000000000000000000000000000000000100009040585903MAGALI WILSEK                           RUA AVESTRUZ, 813                                   83706230                                                            000009
100000 000000000000 00090345100240370REGTIT26371902072107     0002020000005983189800000000002N           2  02190207210728021900000000099800000000099N080219000000000000000150000000000000000000000000000000000000000000000222854247000108DRO2 GASES HOSPITALARES E INDUSTRIAIS LTRUA ANTONIO ZIELONKA, 600                           83323210                                                            000010
100000 000000000000 00090345100240370REGTIT26371902073105     0002020000005984021800000000002N           2  02190207310528021900000000099800000000099N080219000000000000000150000000000000000000000000000000000000000000000204970310000190IAZZETTI E CIA LTDA                     RUA CORONEL MANOEL ALVES CORDEIRO, 27               83304080                                                            000011
100000 000000000000 00090345100240370REGTIT26371903071085     0002020000005991044500000000002N           2  02190307108529031900000000079900000000099N130319000000000000000120000000000000000000000000000000000000000000000100009040585903MAGALI WILSEK                           RUA AVESTRUZ, 813                                   83706230                                                            000012
100000 000000000000 00090345100240370REGTIT26371903073223     0002020000005992547700000000002N           2  04190307322329031900000000079900000000099N130319000000000000000120000000000000000000000000000000000000000034000202897931000160JARDEL DE ABREU COMERCIO DE DOCES ME    RUA FRANCISCO DEROSSO, 5005                         81770000                                                            000013
100000 000000000000 00090345100240370REGTIT263799727034323    0002020090005985986600000000002N           2  02997270343207031900000000239700000000099N250219000000000000000360000000000000000000000000000000000000000000000208101236000126OITI PERFIS METALICOS LTDA              R ARLINDO NATAL, 469                                81580460                                                            000014
100000 000000000000 00090345100240370REGTIT263799836912804    0002020090005993828600000000002N           2  01998369128025031900000000185060000000099N190319000000000000000280000000000000000000000000000000000000000000000208321589000131COMERCIO DE ROUPAS RODRIGUES E SOUZA LTDRUA SOFIA MARIA MORESCHI, 480                       83055500                                                            000015
100000 000000000000 00090345100240370REGTIT263799836921388    0002020090005993830800000000002N           2  01998369213825051900000000185060000000099N190319000000000000000280000000000000000000000000000000000000000000000208321589000131COMERCIO DE ROUPAS RODRIGUES E SOUZA LTDRUA SOFIA MARIA MORESCHI, 480                       83055500                                                            000016
100000 000000000000 00090345100240370REGTIT263799836950696    0002020090005993829400000000002N           2  01998369506925041900000000185060000000099N190319000000000000000280000000000000000000000000000000000000000000000208321589000131COMERCIO DE ROUPAS RODRIGUES E SOUZA LTDRUA SOFIA MARIA MORESCHI, 480                       83055500                                                            000017
100000 000000000000 00090345100240370REGTIT263799872078118    0002020090005993852900000000002N           2  01998720781120041900000000369100000000099N190319000000000000000550000000000000000000000000000000000000000000000207680369000131ALFAIATARIA PACHECO LTDA                RUA 15, NUMERO  420 QD J 09 LT 19, SN               74140035                                                            000018
100000 000000000000 00090345100240370REGTIT2637996520982505   0002020090005993853700000000002N           2  01996520982520031900000000413400000000099N190319000000000000000620000000000000000000000000000000000000000000000209594040000183ELETROMOURA C. DE M. ELETRICO E CONTRUCOAVENIDA I, S/N                                      77062020                                                            000019
100000 000000000000 00090345100240370REGTIT2637996605926114   0002020090005993845600000000002N           2  01996605926120031900000000233060000000099N190319000000000000000350000000000000000000000000000000000000000000000224428569000110ALESSANDRA MOREIRA PET SHOP EIRELI ME   RUA LEONCIO LOPES CORTIANO, 1021                    81830140                                                            000020
100000 000000000000 00090345100240370REGTIT2637996605957568   0002020090005993846400000000002N           2  01996605957518041900000000233060000000099N190319000000000000000350000000000000000000000000000000000000000000000224428569000110ALESSANDRA MOREIRA PET SHOP EIRELI ME   RUA LEONCIO LOPES CORTIANO, 1021                    81830140                                                            000021
100000 000000000000 00090345100240370REGTIT2637996605965564   0002020090005993847200000000002N           2  01996605965518051900000000233060000000099N190319000000000000000350000000000000000000000000000000000000000000000224428569000110ALESSANDRA MOREIRA PET SHOP EIRELI ME   RUA LEONCIO LOPES CORTIANO, 1021                    81830140                                                            000022
100000 000000000000 00090345100240370REGTIT2637996701812640   0002020090005993834000000000002N           2  01996701812628031900000000387000000000099N190319000000000000000580000000000000000000000000000000000000000000000205998531000139GROS COMERCIO DE BEBIDAS LTDA ME        AVENIDA NOSSA SENHORA APARECIDA, 1865               80310100                                                            000023
100000 000000000000 00090345100240370REGTIT2637996872499866   0002020090005993827800000000002N           2  01996872499822031900000000579200000000099N190319000000000000000870000000000000000000000000000000000000000000000206320491000134AVIARIO CANARINHO LTDA                  AVENIDA DESEMBARGADOR CLOTARIO PORTUGAL,            83601320                                                            000024
100000 000000000000 00090345100240370REGTIT2637997011025550   0002020090005993848000000000002N           2  01997011025520031900000000172650000000099N190319000000000000000260000000000000000000000000000000000000000000000225242829000121ELISIA RAMOS                            RUA HALIN YOUSSEF GHANEM, 110                       81305686                                                            000025
100000 000000000000 00090345100240370REGTIT2637997011030760   0002020090005993849900000000002N           2  01997011030718041900000000172650000000099N190319000000000000000260000000000000000000000000000000000000000000000225242829000121ELISIA RAMOS                            RUA HALIN YOUSSEF GHANEM, 110                       81305686                                                            000026
100000 000000000000 00090345100240370REGTIT2637997011093782   0002020090005993850200000000002N           2  01997011093718051900000000172650000000099N190319000000000000000260000000000000000000000000000000000000000000000225242829000121ELISIA RAMOS                            RUA HALIN YOUSSEF GHANEM, 110                       81305686                                                            000027
100000 000000000000 00090345100240370REGTIT2637997043131766   0002020090005993842100000000002N           2  01997043131720031900000000539200000000099N190319000000000000000810000000000000000000000000000000000000000000000222057131000148CWB COMERCIO DE ALIMENTOS LTDA EPP      RUA ALBERICO FLORES BUENO, 1805                     82820070                                                            000028
100000 000000000000 00090345100240370REGTIT2637997056416084   0002020090005993851000000000002N           2  01997056416020031900000000369100000000099N190319000000000000000550000000000000000000000000000000000000000000000228473744000142SUPER DIESEL SOROCABA EIRELLI           RUA RUBIAO DE ALMEIDA, 1062                         18076290                                                            000029
100000 000000000000 00090345100240370REGTIT2637997193352674   0002020090005993840500000000002N           2  01997193352619041900000000133060000000099N190319000000000000000200000000000000000000000000000000000000000000000206006239000155CLAUDINEI DE SOUZA SERVICOS             AV MARGINAL DIREITA, 528                            83408600                                                            000030
100000 000000000000 00090345100240370REGTIT2637997193359918   0002020090005993839100000000002N           2  01997193359920031900000000133060000000099N190319000000000000000200000000000000000000000000000000000000000000000206006239000155CLAUDINEI DE SOUZA SERVICOS             AV MARGINAL DIREITA, 528                            83408600                                                            000031
100000 000000000000 00090345100240370REGTIT2637997193382162   0002020090005993841300000000002N           2  01997193382119051900000000133060000000099N190319000000000000000200000000000000000000000000000000000000000000000206006239000155CLAUDINEI DE SOUZA SERVICOS             AV MARGINAL DIREITA, 528                            83408600                                                            000032
100000 000000000000 00090345100240370REGTIT2637997216471582   0002020090005993826P00000000002N           2  01997216471528031900000000299400000000099N190319000000000000000450000000000000000000000000000000000000000000000230948978000140CLAUDIA ANITELI RIBEIRO                 R HIPOLITO DA COSTA, 2893                           81710380                                                            000033
100000 000000000000 00090345100240370REGTIT2637997217030434   0002020090005993844800000000002N           2  01997217030420031900000000399200000000099N190319000000000000000600000000000000000000000000000000000000000000000100091763819949DINOSSAULO CARVALHO DOS SANTOS          RUA MIGUEL FURMANN, 193                             81490174                                                            000034
100000 000000000000 00090345100240370REGTIT2637997238961590   0002020090005993833200000000002N           2  01997238961521051900000000149830000000099N190319000000000000000220000000000000000000000000000000000000000000000231264654000156BEATRIZ DANIELA DE CASTRO               R PEDRO HANSAUL, 125                                81070220                                                            000035
100000 000000000000 00090345100240370REGTIT2637997238969618   0002020090005993831600000000002N           2  01997238969621031900000000149830000000099N190319000000000000000220000000000000000000000000000000000000000000000231264654000156BEATRIZ DANIELA DE CASTRO               R PEDRO HANSAUL, 125                                81070220                                                            000036
100000 000000000000 00090345100240370REGTIT2637997238989831   0002020090005993832400000000002N           2  01997238989821041900000000149830000000099N190319000000000000000220000000000000000000000000000000000000000000000231264654000156BEATRIZ DANIELA DE CASTRO               R PEDRO HANSAUL, 125                                81070220                                                            000037
100000 000000000000 00090345100240370REGTIT2637997241292774   0002020090005993854500000000002N           2  01997241292720031900000000414700000000099N190319000000000000000620000000000000000000000000000000000000000000000229018522000100IRENE FURQUIM MUNHOES                   R JOAQUIM NABUCO, 579                               83005160                                                            000038
100000 000000000000 00090345100240370REGTIT2637997283938901   0002020090005993855300000000002N           2  01997283938920031900000000204000000000099N190319000000000000000310000000000000000000000000000000000000000000000226530541000115IGOR ANDERSON HERVIS ME                 ROD BR 116 KM , 153                                 83800000                                                            000039
9                                                                                                                                                                                                                                                                                                                                                                                                         000040