01REMESSA01COBRANCA       00000000000004972103WC SISTEMAS E EQUIPAMENTOS DE 237BRADESCO       150319        MX0002629                                                                                                                                                                                                                                                                                     000001
100000 000000000000 00090345100240370REGTIT26291812067546     0002020000005962920700000000002N           2  04181206754628121800000000289700000000099N061218000000000000000430000000000000000000000000000000000000000129900224408656000106DYNAMICS AUTO CENTER                    RUA ANTONIO GABARDO JUNIOR, 800                     83602230                                                            000002
100000 000000000000 00090345100240370REGTIT26291812070551     0002020000005963998900000000002N           2  02181207055128121800000000239700000000099N061218000000000000000360000000000000000000000000000000000000000000000206074933000100CASA DOS PESCADOS FRUTO DO MAR E CIA    RUA PROFESSOR JOSE MAURICIO HIGGINS, 122            81670410                                                            000003
100000 000000000000 00090345100240370REGTIT26291901070551     0002020000005973503100000000002N           2  02190107055130011900000000134800000000099N110119000000000000000200000000000000000000000000000000000000000000000206074933000100CASA DOS PESCADOS FRUTO DO MAR E CIA    RUA PROFESSOR JOSE MAURICIO HIGGINS, 122            81670410                                                            000004
100000 000000000000 00090345100240370REGTIT26291902070551     0002020000005982260000000000002N           2  02190207055128021900000000134800000000099N080219000000000000000200000000000000000000000000000000000000000000000206074933000100CASA DOS PESCADOS FRUTO DO MAR E CIA    RUA PROFESSOR JOSE MAURICIO HIGGINS, 122            81670410                                                            000005
100000 000000000000 00090345100240370REGTIT2629997226659188   0002020090005993125700000000002N           2  01997226659120031900000000678750000000099N150319000000000000001020000000000000000000000000000000000000000000000230182254000139ISLANEIDE SILVA SUPERMERCADO EIRELI     R SAO LUCAS, 278                                    83070190                                                            000006
100000 000000000000 00090345100240370REGTIT2629997283426015   0002020090005993127300000000002N           2  01997283426025041900000000140000000000099N150319000000000000000210000000000000000000000000000000000000000000000210846930000114ARQUIVIDROS - COMERCIO DE VIDROS E CHAVERUA MARIO GOMES CEZAR, 262                          81150313                                                            000007
100000 000000000000 00090345100240370REGTIT2629997283439033   0002020090005993126500000000002N           2  01997283439025031900000000140000000000099N150319000000000000000210000000000000000000000000000000000000000000000210846930000114ARQUIVIDROS - COMERCIO DE VIDROS E CHAVERUA MARIO GOMES CEZAR, 262                          81150313                                                            000008
100000 000000000000 00090345100240370REGTIT2629997283469290   0002020090005993128100000000002N           2  01997283469225051900000000140000000000099N150319000000000000000210000000000000000000000000000000000000000000000210846930000114ARQUIVIDROS - COMERCIO DE VIDROS E CHAVERUA MARIO GOMES CEZAR, 262                          81150313                                                            000009
9                                                                                                                                                                                                                                                                                                                                                                                                         000010