01REMESSA01COBRANCA       00000000000004852239ISPCN                         237BRADESCO       190319        MX0003067                                                                                                                                                                                                                                                                                     000001
100000 000000000000 00090345100325490REGTIT30671226241095     0002020000005993718100000000002N           2  01000599371819041900000001680000000000099N190319000000000000001120000000000000000000000000000000000000000000000100026758803880EDVANILDO BATISTA                       R. VICENTE DA COSTA ABREU, 34 PARQUE SON            05856150                                                            000002
100000 000000000000 00090345100325490REGTIT30671934476983     0002020000005993720300000000002N           2  01000599372019041900000003800000000000099N190319000000000000002530000000000000000000000000000000000000000000000100032584078864EDIMILSON PEREIRA SOARES                OLIMPIO RODRIGUES DE ARAUJO, 864 JARDIM             05894390                                                            000003
100000 000000000000 00090345100325490REGTIT30672250646269     0002020000005968480100000000002N           2  02000596848028021900000000503750000000099N221218000000000000000340000000000000000000000000000000000000000000000100049832079888GABRIEL LEITE DA SILVA                  MARIA HENRIQUETA INACIO BAPTISTA, 315 JA            06775151                                                            000004
100000 000000000000 00090345100325490REGTIT30672250646269     0002020000005968481P00000000002N           2  02000596848130031900000000503750000000099N221218000000000000000340000000000000000000000000000000000000000000000100049832079888GABRIEL LEITE DA SILVA                  MARIA HENRIQUETA INACIO BAPTISTA, 315 JA            06775151                                                            000005
100000 000000000000 00090345100325490REGTIT30674477991142     0002020000005900858P00000000002N           2  02000590085810031900000000179400000000099N020618000000000000000120000000000000000000000000000000000000000000000100020513409866ADRIANA MARTINS SALGADO                 EST SÃO FRANCISCO, 1041  AP 233 BL B JD             06764290                                                            000006
100000 000000000000 00090345100325490REGTIT30674861787478     0002020000005958569200000000002N           2  02000595856910031900000000060000000000099N241118000000000000000040000000000000000000000000000000000000000000000100046761489920JOAO CORREIA                            ATLAS, 940 CENTRO OURIZONA PR                       87170000                                                            000007
100000 000000000000 00090345100325490REGTIT30675155424794     0002020000005993728900000000002N           2  01000599372825031900000000133000000000099N190319000000000000000090000000000000000000000000000000000000000000000100061369977115ITAMAR AMARO DE SOUZA                   ALTA, 10 RESIDENCIAL JOANA D ARC CAMPO G            79070508                                                            000008
100000 000000000000 00090345100325490REGTIT30675155424794     0002020000005993729700000000002N           2  01000599372915041900000000133000000000099N190319000000000000000090000000000000000000000000000000000000000000000100061369977115ITAMAR AMARO DE SOUZA                   ALTA, 10 RESIDENCIAL JOANA D ARC CAMPO G            79070508                                                            000009
100000 000000000000 00090345100325490REGTIT30675155424794     0002020000005993730000000000002N           2  01000599373015051900000000133000000000099N190319000000000000000090000000000000000000000000000000000000000000000100061369977115ITAMAR AMARO DE SOUZA                   ALTA, 10 RESIDENCIAL JOANA D ARC CAMPO G            79070508                                                            000010
100000 000000000000 00090345100325490REGTIT30675221088818     0002020000005928239800000000002N           2  02000592823923021900000000108330000000099N230818000000000000000070000000000000000000000000000000000000000000000100024847344847GERLANDIO VIEIRA DE FREITAS             SAO LAZARO GLEBA 03 CASA 03 NUMERO 353,             72700000                                                            000011
100000 000000000000 00090345100325490REGTIT30675542292963     0002020000005993741600000000002N           2  01000599374119041900000000550000000000099N190319000000000000000370000000000000000000000000000000000000000000000100037163285884ELIANA NUNES CRUZ                       JORGE RODRIGUES PASCOALINE, 419 CASA 2 J            06780120                                                            000012
100000 000000000000 00090345100325490REGTIT30677511923271     0002020000005985043400000000002N           2  02000598504320031900000000230000000000099N160219000000000000000150000000000000000000000000000000000000000000000100028950007860SARA QUEIROZ RIBEIRO FELICIANO          ORLANDO CERCHIARE, 105 JARDIM VILA RICA             13453255                                                            000013
100000 000000000000 00090345100325490REGTIT30677532023220     0002020000005993754800000000002N           2  01000599375419041900000004140000000000099N190319000000000000002760000000000000000000000000000000000000000000000100008651074832EDVALDO GUIMARÃES                       JIRO MARUYAMA, 610 JARDIM HELENA TABOAO             06765060                                                            000014
100000 000000000000 00090345100325490REGTIT30677532936810     0002020000005993739400000000002N           2  01000599373919041900000002000000000000099N190319000000000000001330000000000000000000000000000000000000000000000100044126545832ELIVELTON MORAIS SANTOS                 R. FIGUEIRA BRANCA, 225 CAMPO LIMPO EMBU            05789000                                                            000015
100000 000000000000 00090345100325490REGTIT30677839707301     0002020000005928827200000000002N           2  02000592882725031900000000118750000000099N270818000000000000000080000000000000000000000000000000000000000000000100091397723149MADALENA  LAURA  DA  SILVA              RUA  48, N 260 JOAO  DE  DEUS PETROLINA             56300000                                                            000016
100000 000000000000 00090345100325490REGTIT30678717232069     0002020000005993716500000000002N           2  01000599371619041900000001821120000000099N190319000000000000001210000000000000000000000000000000000000000000000100032158235861ELAINE CRISTINA SILVA DELFINO           CALIL JORGE CALIXTO, 733 JARDIM GERMÂNIA            05848010                                                            000017
100000 000000000000 00090345100325490REGTIT30678864709374     0002020000005985201100000000002N           2  02000598520118031900000000201750000000099N180219000000000000000130000000000000000000000000000000000000000000000100010244805938CLEYTON MONTOLI                         JACKSON LUIZ PAVIN, 236 CASA 02 ROCA GRA            83402194                                                            000018
9                                                                                                                                                                                                                                                                                                                                                                                                         000019