01REMESSA01COBRANCA       00000000000004852239ISPCN                         237BRADESCO       150319        MX0003044                                                                                                                                                                                                                                                                                     000001
100000 000000000000 00090345100325490REGTIT30441769723275     0002020000005937884000000000002N           2  02000593788413031900000000095000000000099N180918000000000000000060000000000000000000000000000000000000000000000100002151906450MARIA DO SOCORRO NUNES LIMA             RUA DAS GARDENEAS, 35 DOM MALAN PETROLIN            56300000                                                            000002
100000 000000000000 00090345100325490REGTIT30441849215436     0002020000005993077200000000002N           2  01000599307710051900000000318010000000099N150319000000000000000210000000000000000000000000000000000000000000000100055378595134ALBANIZA FERREIRA LIMA SILVA            RUA SAO FRANCISCO, 43 VILA SAO PEDRO S B            09784355                                                            000003
100000 000000000000 00090345100325490REGTIT30442260040417     0002020000005993122100000000002N           2  01000599312225031900000000116670000000099N150319000000000000000080000000000000000000000000000000000000000000000100005028163928VIVIANE DE OLIVEIRA                     RUA BONIFACIO KAIUTE, 125 ESTAÇAO ARAUCA            83705176                                                            000004
100000 000000000000 00090345100325490REGTIT30442260040417     0002020000005993123P00000000002N           2  01000599312325041900000000116670000000099N150319000000000000000080000000000000000000000000000000000000000000000100005028163928VIVIANE DE OLIVEIRA                     RUA BONIFACIO KAIUTE, 125 ESTAÇAO ARAUCA            83705176                                                            000005
100000 000000000000 00090345100325490REGTIT30442808588730     0002020000005985164300000000002N           2  02000598516416031900000000038950000000099N160219000000000000000030000000000000000000000000000000000000000000000100007894933902JAQUELINE MARQUESETTI                   PIONEIROS, 42 CENTRO OURIZONA PR                    87170000                                                            000006
100000 000000000000 00090345100325490REGTIT30443242628723     0002020000005966619600000000002N           2  02000596661911031900000000059270000000099N111218000000000000000040000000000000000000000000000000000000000000000100008778073960ADAILTON DO NASCIMENTO MENEZES          PIONEIRO MIGUEL ELVIRA, 13 CONJ AMADO OU            87170000                                                            000007
100000 000000000000 00090345100325490REGTIT30443952600223     0002020000005957592100000000002N           2  02000595759217031900000000056300000000099N171118000000000000000040000000000000000000000000000000000000000000000100074486837991LUCIMAR FATIMA CALVO                    ARITA, 1530 CENTRO OURIZONA PR                      87170000                                                            000008
100000 000000000000 00090345100325490REGTIT30445185215373     0002020000005957604900000000002N           2  02000595760417031900000000058880000000099N171118000000000000000040000000000000000000000000000000000000000000000100074486837991LUCIMAR FATIMA CALVO                    ARITA, 1530 CENTRO OURIZONA PR                      87170000                                                            000009
100000 000000000000 00090345100325490REGTIT30445878237407     0002020000005938254600000000002N           2  02000593825410031900000000085000000000099N200918000000000000000060000000000000000000000000000000000000000000000100068201079434MARIA DE FATIMA DA CONCEICAO ALVES      RUA 24, 301 PEDRO RAIMUNDO PETROLINA PE             56300000                                                            000010
100000 000000000000 00090345100325490REGTIT30446192004303     0002020000005957598000000000002N           2  02000595759817031900000000056560000000099N171118000000000000000040000000000000000000000000000000000000000000000100074486837991LUCIMAR FATIMA CALVO                    ARITA, 1530 CENTRO OURIZONA PR                      87170000                                                            000011
100000 000000000000 00090345100325490REGTIT30446357568283     0002020000005993080200000000002N           2  01000599308010041900000000280000000000099N150319000000000000000190000000000000000000000000000000000000000000000100000222079886JOSÉ CARLOS COSTALONGA                  FRANCISCO BRAGA, 182 JARDIM BATAGIN SANT            13453074                                                            000012
100000 000000000000 00090345100325490REGTIT30446357568283     0002020000005993081000000000002N           2  01000599308110051900000000280000000000099N150319000000000000000190000000000000000000000000000000000000000000000100000222079886JOSÉ CARLOS COSTALONGA                  FRANCISCO BRAGA, 182 JARDIM BATAGIN SANT            13453074                                                            000013
100000 000000000000 00090345100325490REGTIT30446719016792     0002020000005993109400000000002N           2  01000599310930031900000000549430000000099N150319000000000000000370000000000000000000000000000000000000000000000100017625922820WALQUIRIA DOS SANTOS OLIVEIRA           MAURICIO ANTUNES FERRAZ, 409 PARQUE PINH            06766260                                                            000014
100000 000000000000 00090345100325490REGTIT30446745799018     0002020000005928984800000000002N           2  02000592898414021900000000095000000000099N270818000000000000000060000000000000000000000000000000000000000000000100002539712410JOSE EDMILSON DE ARAUJO VITORINO        RUA 47, 110 SAO GONCAALO PETROLINA PE               56300000                                                            000015
100000 000000000000 00090345100325490REGTIT30447076723558     0002020000005966467300000000002N           2  02000596646705031900000000145670000000099N111218000000000000000100000000000000000000000000000000000000000000000100045798982904JOAO DO CARMO COSTA                     ANTONIO DUARTE, 318 CARVALHO HENRIQUE BA            86360000                                                            000016
100000 000000000000 00090345100325490REGTIT30447172958606     0002020000005993091800000000002N           2  01000599309112041900000000265000000000099N150319000000000000000180000000000000000000000000000000000000000000000100017767731871LEONILDA DE FATIMA ALVES                ANTÔNIO MORAES BARROS, 831 JARDIM VISTA             13458574                                                            000017
100000 000000000000 00090345100325490REGTIT30447172958606     0002020000005993092600000000002N           2  01000599309212051900000000265000000000099N150319000000000000000180000000000000000000000000000000000000000000000100017767731871LEONILDA DE FATIMA ALVES                ANTÔNIO MORAES BARROS, 831 JARDIM VISTA             13458574                                                            000018
100000 000000000000 00090345100325490REGTIT30448508680773     0002020000005993110800000000002N           2  01000599311015041900000000500000000000099N150319000000000000000330000000000000000000000000000000000000000000000100017625922820WALQUIRIA DOS SANTOS OLIVEIRA           MAURICIO ANTUNES FERRAZ, 409 PARQUE PINH            06766260                                                            000019
100000 000000000000 00090345100325490REGTIT30449216660463     0002020000005975932100000000002N           2  02000597593217031900000000062900000000099N160119000000000000000040000000000000000000000000000000000000000000000100074486837991LUCIMAR FATIMA CALVO                    ARITA, 1530 CENTRO OURIZONA PR                      87170000                                                            000020
100000 000000000000 00090345100325490REGTIT30449576827465     0002020000005993105100000000002N           2  01000599310515041900000000145000000000099N150319000000000000000100000000000000000000000000000000000000000000000100099420090272EUCIANI MENDES DOS SANTOS               RIO DA SE, 00 CACHOEIRRA DO ARARI CACHOE            68840000                                                            000021
100000 000000000000 00090345100325490REGTIT30449734086100     0002020000005947101800000000002N           2  02000594710108031900000000265000000000099N111018000000000000000180000000000000000000000000000000000000000000000100069608717434EDINILDA GUIMARAES DE SOUZA             RUA: 29, 50 PROJETO MARIA TEREZA KM 25 P            56300000                                                            000022
100000 000000000000 00090345100325490REGTIT30449897625520     0002020000005976120200000000002N           2  02000597612017031900000000096500000000099N170119000000000000000060000000000000000000000000000000000000000000000100035949651987NELSON PEDRO BATHEKE                    DOMINGOS AGABITO BUDEL, 221 BUTIATUVINHA            82400390                                                            000023
9                                                                                                                                                                                                                                                                                                                                                                                                         000024