01REMESSA01COBRANCA       00000000000004852239ISPCN                         237BRADESCO       010319        MX0002925                                                                                                                                                                                                                                                                                     000001
100000 000000000000 00090345100325490REGTIT29251391324599     0002020000005977091000000000002N           2  02000597709104031900000000190000000000099N240119000000000000000130000000000000000000000000000000000000000000000100028992245149LUZIA FELIZADOS DA ROCHA                JADER BARBALHO, 2678 AGUA BOA (OUTEIRO)             66843650                                                            000002
100000 000000000000 00090345100325490REGTIT29252096607875     0002020000005968557300000000002N           2  02000596855724021900000000027400000000099N241218000000000000000020000000000000000000000000000000000000000000000100010245821910IRIS DE OLIVEIRA                        BELA VISTA, 0 CENTRO OURIZONA PR                    87170000                                                            000003
100000 000000000000 00090345100325490REGTIT29252289930271     0002020000005950088300000000002N           2  02000595008810031900000000225000000000099N011118000000000000000150000000000000000000000000000000000000000000000100018126812249MARIA DA CONCEIÇÃO FERREIRA DIAS        DEODORO DA FONSECA, 1979 BRASILIA (OUTEI            66845440                                                            000004
100000 000000000000 00090345100325490REGTIT29255128362373     0002020000005977510600000000002N           2  02000597751026031900000000042500000000099N260119000000000000000030000000000000000000000000000000000000000000000100062153706904NATALICE SALES DE OLIVEIRA              EUCLIDES DA CUNHA, 560 CENTRO OURIZONA P            87170000                                                            000005
100000 000000000000 00090345100325490REGTIT29255174942186     0002020000005956560800000000002N           2  02000595656005031900000000270000000000099N101118000000000000000180000000000000000000000000000000000000000000000100010882596268MARIA DAS DORES DOS SANTOS RODRIGUES    BRASILIA _ PASS. SÃO JORGE, 139 ICOARACI            06682268                                                            000006
100000 000000000000 00090345100325490REGTIT29255952159095     0002020000005968321P00000000002N           2  02000596832110031900000000038960000000099N211218000000000000000030000000000000000000000000000000000000000000000100010102971986CAMILA DOS SANTOS FERBONI               MACHADO DE ASSIS, 923 CENTRO OURIZONA PR            87170000                                                            000007
100000 000000000000 00090345100325490REGTIT29257068338228     0002020000005986384600000000002N           2  01000598638415031900000000199000000000099N010319000000000000000130000000000000000000000000000000000000000000000220198390000163MECANICA AVENIDA                        IGUACU, 565 CENTRO SULINA PR                        85565000                                                            000008
100000 000000000000 00090345100325490REGTIT29257733981054     0002020000005968326000000000002N           2  02000596832610031900000000051700000000099N211218000000000000000030000000000000000000000000000000000000000000000100010102971986CAMILA DOS SANTOS FERBONI               MACHADO DE ASSIS, 923 CENTRO OURIZONA PR            87170000                                                            000009
9                                                                                                                                                                                                                                                                                                                                                                                                         000010