01REMESSA01COBRANCA       00000000000004852239ISPCN                         237BRADESCO       120319        MX0003009                                                                                                                                                                                                                                                                                     000001
100000 000000000000 00090345100325490REGTIT30091181152889     0002020000005928604000000000002N           2  02000592860420021900000000170000000000099N250818000000000000000110000000000000000000000000000000000000000000000100028361131892MARILENE QUEIROZ MASCARANHA             ANTENOR KUERCHE DE MENEZES, 309 RESIDENC            13458715                                                            000002
100000 000000000000 00090345100325490REGTIT30091309960538     0002020000005987058300000000002N           2  01000598705818031900000000140090000000099N090319000000000000000090000000000000000000000000000000000000000000000100002590038917CATIELE ELISANGELA FURLAN               RUA NILO FAVARO, 109 CASA CENTRO QUATRO             83420000                                                            000003
100000 000000000000 00090345100325490REGTIT30091397985306     0002020000005969169700000000002N           2  01000596916911051900000000135000000000099N311218000000000000000090000000000000000000000000000000000000000000000100087078643100AGUSTINHA ARAUJO DANTAS DA COSTA        E, 11 QUADRA 06 DISTRITO INDUSTRIAL CUIA            78000000                                                            000004
100000 000000000000 00090345100325490REGTIT30091422368159     0002020000005958411400000000002N           2  02000595841123021900000000155000000000099N231118000000000000000100000000000000000000000000000000000000000000000100054561256172KELY CRISTINA ROSA                      LISBOA, 148 QD 02 LOTE 30 ALTO DA BOA VI            00078088                                                            000005
100000 000000000000 00090345100325490REGTIT30091543904273     0002020000005947569200000000002N           2  01000594756911051900000000080000000000099N161018000000000000000050000000000000000000000000000000000000000000000100077468473404LUISA ARAUJO DE SOUZA                   AREA 19 LOTE 07, S|N  PROJETO MARIA TERE            56300000                                                            000006
100000 000000000000 00090345100325490REGTIT30091610080247     0002020000005969423800000000002N           2  02000596942310031900000000040640000000099N040119000000000000000030000000000000000000000000000000000000000000000100002927952116JOSIANE APARECIDA RODRIGUES             MACHADO DE ASSIS, 922 CENTRO OURIZONA PR            87170000                                                            000007
100000 000000000000 00090345100325490REGTIT30091639193089     0002020000005985002700000000002N           2  02000598500210031900000000245000000000099N150219000000000000000160000000000000000000000000000000000000000000000100020972040234MARIA NEUSA NUNES AIRES                 RUA CAMELIA, 11|05 CIDADE JARDIM I PARQU            66635110                                                            000008
100000 000000000000 00090345100325490REGTIT30091858551543     0002020000005940311P00000000002N           2  02000594031104031900000000370000000000099N021018000000000000000250000000000000000000000000000000000000000000000100064935558849DIMAS CORREIA DA SILVA                  SERVIDÃO, 699 JARDIM GERIVA SANTA BÁRBAR            13456343                                                            000009
100000 000000000000 00090345100325490REGTIT30091906520438     0002020000005828188600000000002N           2  01000582818810051900000000203000000000099N081117000000000000000140000000000000000000000000000000000000000000000100060987916351BARBARA SANTOS MENDES                   RIBEIRAO DO SUL, 1 A JARDIM ANA ESTELA C            06361080                                                            000010
100000 000000000000 00090345100325490REGTIT30091916081859     0002020000005977487800000000002N           2  02000597748723021900000000450000000000099N250119000000000000000300000000000000000000000000000000000000000000000208999791000117PIZZARIA MANA DO CEU                    MARECHAL HERMES, 2282 VILA INA SAO JOSE             83065000                                                            000011
100000 000000000000 00090345100325490REGTIT30091932894127     0002020000005939359900000000002N           2  02000593935915031900000000140000000000099N270918000000000000000090000000000000000000000000000000000000000000000100028694988453BERNADETE DA CRUZ FERREIRA              RUA: CASTRO ALVES, 245 CENTRO  PETROLINA            56300000                                                            000012
100000 000000000000 00090345100325490REGTIT30092073583255     0002020000005978562400000000002N           2  02000597856210031900000000036380000000099N050219000000000000000020000000000000000000000000000000000000000000000100006323829967SUZANA FARAIM                           BELA VISTA, 1577 CENTRO OURIZONA PR                 87170000                                                            000013
100000 000000000000 00090345100325490REGTIT30092170260283     0002020000005956910700000000002N           2  02000595691009031900000000100000000000099N131118000000000000000070000000000000000000000000000000000000000000000100039187462591PERPETUA DE SOUZA NERI RODRIGUES        RUA V, 7 QUADRA E PROJETO N 4 PETROLINA             56300000                                                            000014
100000 000000000000 00090345100325490REGTIT30092346099528     0002020000005896376600000000002N           2  01000589637611051900000000137270000000099N110518000000000000000090000000000000000000000000000000000000000000000100020625543890CELIA LISBOA DOS SANTOS ALVES           ARAGUAIA, 164 JARDIM CAMPO LIMPO EMBU SP            06826450                                                            000015
100000 000000000000 00090345100325490REGTIT30092428812579     0002020000005978290000000000002N           2  01000597829011051900000000258950000000099N020219000000000000000170000000000000000000000000000000000000000000000100035891439832ERIKA ARIELA SANTOS DE OLIVEIRA         SERINGAL DO RIO VERDE, 1600 PARQUE BOLOG            04941020                                                            000016
100000 000000000000 00090345100325490REGTIT30092485636621     0002020000005979027P00000000002N           2  02000597902705031900000000130000000000099N080219000000000000000090000000000000000000000000000000000000000000000100005674218137REYNAN CRUZ DOS SANTOS                  VENEZA, 919B JARDIM ISAURA SANTANA DE PA            06516055                                                            000017
100000 000000000000 00090345100325490REGTIT30092704354338     0002020000005985033700000000002N           2  01000598503311051900000000222700000000099N150219000000000000000150000000000000000000000000000000000000000000000100039600509840FELIPE PAZZINE DE SOUZA SILVA           AMACAS, 142 JARDIM LEONIDAS MOREIRA SAO             05792030                                                            000018
100000 000000000000 00090345100325490REGTIT30092901035708     0002020000005967339700000000002N           2  02000596733910031900000000065000000000099N151218000000000000000040000000000000000000000000000000000000000000000100070919702090MARGARETE MACHADO GEMIN                 PADRE DEHON, 1426 BOQUEIRAO CURITIBA PR             81670100                                                            000019
100000 000000000000 00090345100325490REGTIT30092919923526     0002020000005926214100000000002N           2  01000592621411051900000000190000000000099N110818000000000000000130000000000000000000000000000000000000000000000100085383627553MICHEL OLIVEIRA DE ROMA                 WALTER LANDUCI, 76 RESIDENCIAL ZABANI SA            13450000                                                            000020
100000 000000000000 00090345100325490REGTIT30093037814816     0002020000005986584900000000002N           2  02000598658410031900000000460000000000099N040319000000000000000310000000000000000000000000000000000000000000000100086638980882BEATRIZ LEITE F. STENICO                TAMOIOS, 0 JARDIM SAO FRANCISCO SANTA BA            13456081                                                            000021
100000 000000000000 00090345100325490REGTIT30093099109604     0002020000005956678700000000002N           2  02000595667810031900000000097200000000099N121118000000000000000060000000000000000000000000000000000000000000000100005366411963ANDREIA APARECIDA SIQUEIRA              BENJAMIM PEREIRA DA SILVA, 38 CENTRO OUR            87170000                                                            000022
100000 000000000000 00090345100325490REGTIT30093112343632     0002020000005987312400000000002N           2  01000598731211051900000000195290000000099N110319000000000000000130000000000000000000000000000000000000000000000100026640307871SANDRO BEZERRA DA SILVA                 RUA PARAISO, 17 MONTANHAO SAO BERNARDO D            09784555                                                            000023
100000 000000000000 00090345100325490REGTIT30093361627124     0002020000005957570000000000002N           2  02000595757020031900000000280000000000099N171118000000000000000190000000000000000000000000000000000000000000000100002768775860CICERO LAURENTINO                       DAMASIO PIMENTEL DE CAMARGO, 393 SANTA R            13450000                                                            000024
100000 000000000000 00090345100325490REGTIT30093597717612     0002020000005666380300000000002N           2  01000566638011051900000000144000000000099N110117000000000000000100000000000000000000000000000000000000000000000100027629661835VALMERIS PEREIRA DA SILVA SIQUEIRA      ,  CIDADE UNIVERSITARIA BAURU SP                    17102202                                                            000025
100000 000000000000 00090345100325490REGTIT30093624822062     0002020000005977526200000000002N           2  02000597752626021900000000120000000000099N260119000000000000000080000000000000000000000000000000000000000000000100024639204833GISLENE SILVERIO FURTUNATE              VINTE SEIS, 56 CASA ALVORADA MONTE MOR S            13190000                                                            000026
100000 000000000000 00090345100325490REGTIT30093627571579     0002020000005947074700000000002N           2  01000594707411051900000000050000000000099N111018000000000000000030000000000000000000000000000000000000000000000100003263335928GIAN CARLOS MORRETTI                    QUINTINO BOCAIUVA, 448 CASA 25 CAMPO PEQ            83404160                                                            000027
100000 000000000000 00090345100325490REGTIT30093645861181     0002020000005984253900000000002N           2  01000598425311051900000000150000000000099N110219000000000000000100000000000000000000000000000000000000000000000100007333698122LAYZA CAVALCANTE ROCHA                  1106 SUL ALAMEDA 26 LOTE 41,  JARDIM AUR            77270000                                                            000028
100000 000000000000 00090345100325490REGTIT30093766294800     0002020000005958606000000000002N           2  02000595860610031900000000040170000000099N241118000000000000000030000000000000000000000000000000000000000000000100059914564968DOMINGAS BARBOSA SANTIAGO               BELA VISTA, 1603 CENTRO OURIZONA PR                 87170000                                                            000029
100000 000000000000 00090345100325490REGTIT30093794559513     0002020000005949788200000000002N           2  02000594978815021900000000160000000000099N301018000000000000000110000000000000000000000000000000000000000000000100027065308120JOSE BONIFACIO MARQUES FRANÇA           QR411 CONJ09 CASA19, 19 PROPIO SAMAMBAIA            72000000                                                            000030
100000 000000000000 00090345100325490REGTIT30093871692977     0002020000005958844600000000002N           2  02000595884411021900000000325000000000099N261118000000000000000540000000000000000000000000000000000000000000000202945870000320OMEGA IND COM E DESENVOLVIMENTO SIST E IRUA JANDAIA DO SUL, 125 EMILIANO PERNETA            83324440                                                            000031
100000 000000000000 00090345100325490REGTIT30093871692977     0002020000005958845400000000002N           2  02000595884511031900000000325000000000099N261118000000000000000540000000000000000000000000000000000000000000000202945870000320OMEGA IND COM E DESENVOLVIMENTO SIST E IRUA JANDAIA DO SUL, 125 EMILIANO PERNETA            83324440                                                            000032
100000 000000000000 00090345100325490REGTIT30094131190669     0002020000005969805500000000002N           2  01000596980508051900000000141670000000099N080119000000000000000090000000000000000000000000000000000000000000000100025801296859OSCAR SILGUEIRA FREIRE                  DEZESSETE, 135 PQ DO CAFE UM MONTE MOR S            13190000                                                            000033
100000 000000000000 00090345100325490REGTIT30094162869242     0002020000005977542400000000002N           2  02000597754220021900000000040250000000099N260119000000000000000030000000000000000000000000000000000000000000000100002373067196CINDY ROCHA EUGENIO                     QR615  CONJ10  CASA, 20 NORTE SAMAMBAIA             72331811                                                            000034
100000 000000000000 00090345100325490REGTIT30094166632402     0002020000005968467400000000002N           2  02000596846710031900000000034800000000099N221218000000000000000020000000000000000000000000000000000000000000000100059914564968DOMINGAS BARBOSA SANTIAGO               BELA VISTA, 1603 CENTRO OURIZONA PR                 87170000                                                            000035
100000 000000000000 00090345100325490REGTIT30094188272750     0002020000005948170600000000002N           2  01000594817011051900000000140000000000099N191018000000000000000090000000000000000000000000000000000000000000000100000715186574MARLI DA SILVA BARBOSA                  DO BRILHO, 82 SERROTE DO URUBU  PETROLIN            00000000                                                            000036
100000 000000000000 00090345100325490REGTIT30094233078534     0002020000005987155500000000002N           2  01000598715511051900000000111250000000099N110319000000000000000070000000000000000000000000000000000000000000000100000613838564IVONETE PEREIRA DE CARVALHO             CALIFORNIA, S|N CENTRO FORMOSA DO RIO PR            47990000                                                            000037
100000 000000000000 00090345100325490REGTIT30094237879042     0002020000005948475600000000002N           2  02000594847522021900000000110000000000099N221018000000000000000070000000000000000000000000000000000000000000000100039611511809LIGIAN CORREA RODRIGUES                 ANTONIO MORAES BARROS, 670 JARDIM VISTA             13458574                                                            000038
100000 000000000000 00090345100325490REGTIT30094248074818     0002020000005970315600000000002N           2  01000597031511051900000000200000000000099N110119000000000000000130000000000000000000000000000000000000000000000100075868709268ALEXSANDRA DA SILVA FLORENCIO           BELA VISTA, 1814 CENTRO OURIZONA PR                 87170000                                                            000039
100000 000000000000 00090345100325490REGTIT30094406615652     0002020000005927432800000000002N           2  02000592743201031900000000092860000000099N170818000000000000000060000000000000000000000000000000000000000000000100001122503431MARIA DAS GRACAS SILVA VIANA            RUA: 7, 320 TERRA DO SUL PETROLINA PE               56300000                                                            000040
100000 000000000000 00090345100325490REGTIT30094424733105     0002020000005977932200000000002N           2  02000597793202031900000000065000000000099N300119000000000000000040000000000000000000000000000000000000000000000100028335487880MARCELINO ALVES DE MARTINS              VINTE E DOIS, 174 CASA B JARDIM PAULISTA            13190000                                                            000041
100000 000000000000 00090345100325490REGTIT30094587654893     0002020000005979056300000000002N           2  02000597905628021900000000045000000000099N080219000000000000000030000000000000000000000000000000000000000000000100025535442860MARIA JOSE MARTINS                      RUA DOZE, 101 JARDIM ALVORADA MONTE MOR             13190000                                                            000042
100000 000000000000 00090345100325490REGTIT30094660702165     0002020000005968152700000000002N           2  01000596815211051900000000277000000000099N201218000000000000000180000000000000000000000000000000000000000000000100025801296859OSCAR SILGUEIRA FREIRE                  DEZESSETE, 135 PQ DO CAFE UM MONTE MOR S            13190000                                                            000043
100000 000000000000 00090345100325490REGTIT30094705574044     0002020000005949626600000000002N           2  02000594962615031900000000198000000000099N291018000000000000000130000000000000000000000000000000000000000000000100045685830807RAISSA FERNANDA BALDO                   VINTE E UM DE FEVEREIRO, 87 CONJUNTO HAB            13453149                                                            000044
100000 000000000000 00090345100325490REGTIT30095073279312     0002020000005976255100000000002N           2  02000597625528031900000000150000000000099N180119000000000000000100000000000000000000000000000000000000000000000100050382692810STEFANI KETLYN DE OLIVEIRA REDONDO      RUA TRINTA E SETE, 362 JARDIM PAULISTA M            13190000                                                            000045
100000 000000000000 00090345100325490REGTIT30095087719451     0002020000005969397500000000002N           2  02000596939707031900000000510000000000099N040119000000000000000340000000000000000000000000000000000000000000000100005364311830MARIA INES P DOS SANTOS                 CIRO DOS ANJOS, 171 PARQUE RESIDENCIAL S            13457006                                                            000046
100000 000000000000 00090345100325490REGTIT30095188663804     0002020000005969787300000000002N           2  01000596978708051900000000093750000000099N080119000000000000000060000000000000000000000000000000000000000000000100014451555833JESUINA FRANCISCA GOMES                 23, 15 CAFE 1 MONTE MOR SP                          13190000                                                            000047
100000 000000000000 00090345100325490REGTIT30095259876702     0002020000005951444200000000002N           2  01000595144410051900000000095000000000099N091118000000000000000060000000000000000000000000000000000000000000000100077825365887FATIMA APARECIDA ANSELMO                RUA JOSE FAMOLKA, 50 CENTRO MONTE MOR SP            13190000                                                            000048
100000 000000000000 00090345100325490REGTIT30095303618845     0002020000005966750800000000002N           2  02000596675020021900000000250000000000099N121218000000000000000170000000000000000000000000000000000000000000000100051845199987JOSE CARLOS ALVES                       HENRIQUE BRUDECK, 469 CASA VILA SAO CRIS            83305345                                                            000049
100000 000000000000 00090345100325490REGTIT30095404337292     0002020000005987600P00000000002N           2  01000598760026031900000000512700000000099N120319000000000000000340000000000000000000000000000000000000000000000100006035327800MARCOS PASCOAL                          SANTO AGOSTINHO,, 79 LIBERDADE SAO PAULO            01533070                                                            000050
100000 000000000000 00090345100325490REGTIT30095467718206     0002020000005968346500000000002N           2  02000596834619021900000000130000000000099N211218000000000000000090000000000000000000000000000000000000000000000100008562855952ALINE CRISTINA SILVA                    PEDRO BUDZIAK, 200 CASA COSTEIRA ARAUCAR            83709030                                                            000051
100000 000000000000 00090345100325490REGTIT30095607309001     0002020000005958952300000000002N           2  02000595895205031900000000109800000000099N261118000000000000000070000000000000000000000000000000000000000000000100063025736968NEUSA C L CAMARGO                       CLETO DA SILVA, 2130 SB 16 BOQUEIRAO CUR            81670450                                                            000052
100000 000000000000 00090345100325490REGTIT30095707637895     0002020000005986743400000000002N           2  01000598674311051900000000168000000000099N070319000000000000000110000000000000000000000000000000000000000000000100003077218925REINALDO TENORIO TABORDA                RODOVIA DO XISTO - BR 476, Km 198 ESTAÇA            83750000                                                            000053
100000 000000000000 00090345100325490REGTIT30095881928064     0002020000005967314100000000002N           2  02000596731415021900000000090000000000099N151218000000000000000060000000000000000000000000000000000000000000000100021513686372MARIA ZENILDA GONCALVES                 NOVE, 100 CAFE UM MONTE MOR SP                      13190000                                                            000054
100000 000000000000 00090345100325490REGTIT30095885161442     0002020000005985424300000000002N           2  02000598542415031900000000098310000000099N190219000000000000000070000000000000000000000000000000000000000000000100008104197932DAIANE CAROLINE AMARAL DE AQUINO        CAMPO GRANDE, 1706 CENTRO OURIZONA PR               87170000                                                            000055
100000 000000000000 00090345100325490REGTIT30096194032339     0002020000005979031800000000002N           2  01000597903111051900000000150620000000099N080219000000000000000100000000000000000000000000000000000000000000000100004950358154THAISA DE JESUS ARRUDA                  RUA M 1, CASA 08 QD 36 RES. NOVA CANAA C            78000000                                                            000056
100000 000000000000 00090345100325490REGTIT30096242692342     0002020000005967260900000000002N           2  02000596726007031900000000648750000000099N151218000000000000000430000000000000000000000000000000000000000000000100050368915115LUZIA APARECIDA BEZERRA DA SILVA        VEREADOR, 904 AP 904 TORRE DAS MAT ACLIM            00078000                                                            000057
100000 000000000000 00090345100325490REGTIT30096247947675     0002020000005958629P00000000002N           2  02000595862915031900000000037480000000099N241118000000000000000020000000000000000000000000000000000000000000000100003871686999MARIA ISABEL BEZERRA DA SILVA           JUPITER, 784 CENTRO OURIZONA PR                     87170000                                                            000058
100000 000000000000 00090345100325490REGTIT30096256835518     0002020000005968871800000000002N           2  02000596887101031900000000150000000000099N271218000000000000000100000000000000000000000000000000000000000000000100002862926299JHULIA CAROLINE E SILVA BATISTA         TRAVESSA MANOEL SIQUEIRA, 28 AGUA BOA (O            66843490                                                            000059
100000 000000000000 00090345100325490REGTIT30096537050671     0002020000005984267900000000002N           2  01000598426711051900000000349000000000099N110219000000000000000230000000000000000000000000000000000000000000000100070078610168MARCIANE FERREIRA ORMOND                UM, quadra 3 PEDRA 90 CUIABA MT                     78099000                                                            000060
100000 000000000000 00090345100325490REGTIT30096659048174     0002020000005966410P00000000002N           2  01000596641011051900000000227800000000099N101218000000000000000150000000000000000000000000000000000000000000000100007897865916BRUNO LUAN GONCALVES                    EMILIO DE MEDEIROS SANTOS, 100 CASA SANT            82010505                                                            000061
100000 000000000000 00090345100325490REGTIT30096783643956     0002020000005984159100000000002N           2  01000598415911051900000000128270000000099N090219000000000000000090000000000000000000000000000000000000000000000100006391557900ANA PAULA APARECIDA DRAGUNSK            BELA VISTA, 1194 CASA CENTRO OURIZONA PR            87170000                                                            000062
100000 000000000000 00090345100325490REGTIT30096944726995     0002020000005920248300000000002N           2  01000592024811051900000000270000000000099N030818000000000000000180000000000000000000000000000000000000000000000100032949999840SIMONE DOS SANTOS GONÇALVES             SAO JORGE, 286 JARDIM VALO VERDE EMBU SP            06815320                                                            000063
100000 000000000000 00090345100325490REGTIT30097292885701     0002020000005966639000000000002N           2  01000596663911051900000000108000000000099N111218000000000000000070000000000000000000000000000000000000000000000100000503816108IVA MARIA SOUSA DOS SANTOS              CAUA, S|N CENTRO FORMOSA DO RIO PRETO BA            47990000                                                            000064
100000 000000000000 00090345100325490REGTIT30097457137910     0002020000005987390600000000002N           2  01000598739011051900000000210000000000099N110319000000000000000140000000000000000000000000000000000000000000000100030428979823PRISCILA APARECIDA ALVES GOMES          DA AMIZADE, 227 JARDIM NOSSA SENHORA DE             06816310                                                            000065
100000 000000000000 00090345100325490REGTIT30097490232371     0002020000005959572800000000002N           2  01000595957211051900000000300000000000099N301118000000000000000200000000000000000000000000000000000000000000000100045821227879KENNEDY SILVA DE MELO                   ABACATE NATAL, 128 VILA NATAL SAO PAULO             04863210                                                            000066
100000 000000000000 00090345100325490REGTIT30097541770326     0002020000005986068500000000002N           2  02000598606810031900000000086330000000099N260219000000000000000060000000000000000000000000000000000000000000000100006735107942SELMA APARECIDA GONCALVES DE SOUZA      EVELAZIO AUGUSTO BLEY, 589 SB 1 TATUQUAR            81480350                                                            000067
100000 000000000000 00090345100325490REGTIT30097626844379     0002020000005968938200000000002N           2  02000596893810031900000000245700000000099N271218000000000000000160000000000000000000000000000000000000000000000100012706651890CECILIA MARQUES DE PINHO                QR 415 CONJ 06, 2 NORTE SAMAMBAIA DF                72323003                                                            000068
100000 000000000000 00090345100325490REGTIT30097790321339     0002020000005959861100000000002N           2  02000595986103031900000000093330000000099N011218000000000000000060000000000000000000000000000000000000000000000100032970838249ANTONIA DE MEDEIROS DE SOUZA            DOIS DE DEZEMBRO, 236 CRUZEIRO (ICOARACI            66810040                                                            000069
100000 000000000000 00090345100325490REGTIT30097816114810     0002020000005920227000000000002N           2  02000592022710031900000000193990000000099N020818000000000000000130000000000000000000000000000000000000000000000100022544968168ODILIA FERREIRA DE SOUZA                QR415  CONJ09  CASA, 17 PROPIO SNORTE SA            72000000                                                            000070
100000 000000000000 00090345100325490REGTIT30097847799079     0002020000005898713400000000002N           2  02000589871321021900000000100000000000099N210518000000000000000070000000000000000000000000000000000000000000000100005662670471JECILENE DOS SANTOS ARAUJO              QUADRA: D, 32 PROJETO N 09 PETROLINA PE             56300000                                                            000071
100000 000000000000 00090345100325490REGTIT30097907189093     0002020000005977770200000000002N           2  01000597777011051900000000099000000000099N290119000000000000000070000000000000000000000000000000000000000000000100096889144791EDILSOM GOMES FAVALESSA                 TEIXEIRINHA, 12 QD 20 STA MARIA 2 CUIABA            78000000                                                            000072
100000 000000000000 00090345100325490REGTIT30098000880686     0002020000005931688800000000002N           2  01000593168810051900000000785000000000099N100918000000000000000520000000000000000000000000000000000000000000000100013776560800LAURA A. DE OLIVEIRA PAGOTTO            RUA GENERAL OZORIO, 487 CENTRO CAPIVARI             13360000                                                            000073
100000 000000000000 00090345100325490REGTIT30098025876097     0002020000005919783800000000002N           2  02000591978310031900000000600000000000099N310718000000000000000400000000000000000000000000000000000000000000000100050368915115LUZIA APARECIDA BEZERRA DA SILVA        VEREADOR, 904 AP 904 TORRE DAS MAT ACLIM            00078000                                                            000074
100000 000000000000 00090345100325490REGTIT30098428726568     0002020000005968548400000000002N           2  02000596854810031900000000180000000000099N241218000000000000000120000000000000000000000000000000000000000000000100061980390568MARIA JOSÉ SILVA CARNEIRO               JORGE JUVENTINO AGUIAR, 0 BL. 30 APTº 24            13450000                                                            000075
100000 000000000000 00090345100325490REGTIT30098437278514     0002020000005959388100000000002N           2  02000595938810031900000000120000000000099N291118000000000000000080000000000000000000000000000000000000000000000100005874358285JESSICA LARISSA MONTEIRO SILVA          DA FELICIDADE, 21 SAO JOAO DO OUTEIRO (O            66840170                                                            000076
100000 000000000000 00090345100325490REGTIT30098450750634     0002020000005970053P00000000002N           2  02000597005309031900000000288360000000099N090119000000000000000190000000000000000000000000000000000000000000000100004910306145GUSTAVO TORRES DOS SANTOS               425 CONJUNTO 13, 01 SAMAMBAIA NORTE SAMA            72327013                                                            000077
100000 000000000000 00090345100325490REGTIT30098470597780     0002020000005986941000000000002N           2  01000598694108051900000000087000000000099N080319000000000000000060000000000000000000000000000000000000000000000100039984854817ROSECLER ROBERTA DA CONCEIÇÃO GUEDES    RUA ANTONIO DUARTE, 40 CASA B JARDIM PAN            13190000                                                            000078
100000 000000000000 00090345100325490REGTIT30098514790009     0002020000005987388400000000002N           2  01000598738811051900000000103860000000099N110319000000000000000070000000000000000000000000000000000000000000000100003242521960ALESSANDRA PAOLA HIGEMBERG              VISCONDE DE MAUA, 650 OFICINAS PONTA GRO            84040290                                                            000079
100000 000000000000 00090345100325490REGTIT30098632909278     0002020000005937073400000000002N           2  01000593707311051900000000100000000000099N130918000000000000000070000000000000000000000000000000000000000000000100004502741442SIBELY DA SILVA                         RUA TIRA DENTE, 41 AP 02 VILA EDUARDO  P            00000000                                                            000080
100000 000000000000 00090345100325490REGTIT30098643440020     0002020000005985136800000000002N           2  02000598513616031900000000049970000000099N160219000000000000000030000000000000000000000000000000000000000000000100003871686999MARIA ISABEL BEZERRA DA SILVA           JUPITER, 784 CENTRO OURIZONA PR                     87170000                                                            000081
100000 000000000000 00090345100325490REGTIT30098663262828     0002020000005947220000000000002N           2  01000594722011051900000000300000000000099N111018000000000000000200000000000000000000000000000000000000000000000100055330398053VANDERLEI FAGUNDES MACHADO              TRAS N 86, 86 CASA SITIO SÃO JOSÉ VIAMÃO            94430720                                                            000082
100000 000000000000 00090345100325490REGTIT30098888704996     0002020000005930812500000000002N           2  02000593081210031900000000045420000000099N040918000000000000000030000000000000000000000000000000000000000000000100059914564968DOMINGAS BARBOSA SANTIAGO               BELA VISTA, 1603 CENTRO OURIZONA PR                 87170000                                                            000083
100000 000000000000 00090345100325490REGTIT30099199297589     0002020000005929007200000000002N           2  01000592900710051900000000160000000000099N270818000000000000000110000000000000000000000000000000000000000000000100025801296859OSCAR SILGUEIRA FREIRE                  DEZESSETE, 135 PQ DO CAFE UM MONTE MOR S            13190000                                                            000084
100000 000000000000 00090345100325490REGTIT30099388521292     0002020000005917827200000000002N           2  01000591782710051900000000590000000000099N180718000000000000000390000000000000000000000000000000000000000000000100025801296859OSCAR SILGUEIRA FREIRE                  DEZESSETE, 135 PQ DO CAFE UM MONTE MOR S            13190000                                                            000085
100000 000000000000 00090345100325490REGTIT30099557793438     0002020000005986651900000000002N           2  01000598665110051900000000870000000000099N060319000000000000000580000000000000000000000000000000000000000000000100016600508809MARIA AZENILDA DE SALES CARDOSO         RUA MARIA DO SOCORRO ROSA DOS SANTOS, 43            13190000                                                            000086
100000 000000000000 00090345100325490REGTIT30099565064195     0002020000005987176800000000002N           2  01000598717611051900000000220330000000099N110319000000000000000150000000000000000000000000000000000000000000000100000194884163ANA LUCIA NASCIMNETO SOUSA              AVENIDA PERIMETRAL NORTE QUADRA 20 LOTE             77270000                                                            000087
100000 000000000000 00090345100325490REGTIT30099576834796     0002020000005960303800000000002N           2  01000596030311051900000000080000000000099N041218000000000000000050000000000000000000000000000000000000000000000100070720070163NILZA SANTOS MAGALHAES                  01, 01 FUNDOS  JARDIM BRASIL CUIABA MT              78058184                                                            000088
100000 000000000000 00090345100325490REGTIT30099614957749     0002020000005890481600000000002N           2  02000589048110031900000000072000000000099N070518000000000000000050000000000000000000000000000000000000000000000100045685830807RAISSA FERNANDA BALDO                   VINTE E UM DE FEVEREIRO, 87 CONJUNTO HAB            13453149                                                            000089
9                                                                                                                                                                                                                                                                                                                                                                                                         000090