01REMESSA01COBRANCA       00000000000004852239ISPCN                         237BRADESCO       120319        MX0003019                                                                                                                                                                                                                                                                                     000001
100000 000000000000 00090345100325490REGTIT30191456191539     0002020000005977015500000000002N           2  02000597701513021900000000203500000000099N230119000000000000000140000000000000000000000000000000000000000000000218149733000158GULA MANIA                              QUIRINO ZAGONEL, 1496 JD ITALIA BRAGA SA            83020250                                                            000002
100000 000000000000 00090345100325490REGTIT30192038668853     0002020000005968571900000000002N           2  02000596857124021900000000256000000000099N241218000000000000000170000000000000000000000000000000000000000000000100043201161861TALITA BEATRIZ DA SILVA DE ARAUJO       UM, 83 PQ. DO CAFE UM MONTE MOR SP                  13190000                                                            000003
100000 000000000000 00090345100325490REGTIT30192619867920     0002020000005965966100000000002N           2  02000596596610031900000000120000000000099N071218000000000000000080000000000000000000000000000000000000000000000100040193616220EDILENE DAS NEVES DANTAS                DO ROSARIO, 217 CAMPINA DE ICOARACI (ICO            66813040                                                            000004
100000 000000000000 00090345100325490REGTIT30192961462202     0002020000005927859500000000002N           2  02000592785910031900000000810000000000099N210818000000000000000540000000000000000000000000000000000000000000000100011292236809MARIA CAVALCANTE CAMARGO                PANAMA, 429 JARDIM BELO HORIZONTE SANTA             13450188                                                            000005
100000 000000000000 00090345100325490REGTIT30193041699868     0002020000005966103800000000002N           2  02000596610321031900000000051070000000099N081218000000000000000030000000000000000000000000000000000000000000000100001561187933CELIA BATISTA BONFIM                    SANTOS, 11 CASA CENTRO OURIZONA PR                  87170000                                                            000006
100000 000000000000 00090345100325490REGTIT30193334256009     0002020000005984870700000000002N           2  02000598487014031900000000181600000000099N140219000000000000000120000000000000000000000000000000000000000000000100018743472800CICERA MARIA DA SILVA                   MANOEL BANDEIRA NUMERO 745, 0 JD AMANDA             13188181                                                            000007
100000 000000000000 00090345100325490REGTIT30193771533196     0002020000005966117800000000002N           2  02000596611710031900000000048830000000099N081218000000000000000030000000000000000000000000000000000000000000000100010102971986CAMILA DOS SANTOS FERBONI               MACHADO DE ASSIS, 923 CENTRO OURIZONA PR            87170000                                                            000008
100000 000000000000 00090345100325490REGTIT30194482172148     0002020000005957265500000000002N           2  02000595726514031900000000141040000000099N141118000000000000000190000000000000000000000000000000000000000000000100069699461934ELIZABETE DA SILVA POLLI                ATENAS, 352 CASA RIO VERDE COLOMBO PR               83405520                                                            000009
100000 000000000000 00090345100325490REGTIT30195502032699     0002020000005958031300000000002N           2  02000595803121031900000000056670000000099N211118000000000000000040000000000000000000000000000000000000000000000100001561187933CELIA BATISTA BONFIM                    SANTOS, 11 CASA CENTRO OURIZONA PR                  87170000                                                            000010
100000 000000000000 00090345100325490REGTIT30195723333934     0002020000005951130300000000002N           2  02000595113010031900000000410000000000099N071118000000000000000270000000000000000000000000000000000000000000000100035229389842RAFAELLA SANTOS ZAQUETIN BONFIM         NICOLAU FURLAN, 480 RESIDENCIAL FURLAN S            13451188                                                            000011
100000 000000000000 00090345100325490REGTIT30195792293424     0002020000005937235400000000002N           2  02000593723508031900000000077000000000099N130918000000000000000050000000000000000000000000000000000000000000000100070211668427RAISA  DAMASCENO   BEZERRA              RUA  11, N 43 NOVA  DESCOBERTA PETROLINA            56300000                                                            000012
100000 000000000000 00090345100325490REGTIT30197183645789     0002020000005948530200000000002N           2  02000594853012021900000000267000000000099N221018000000000000000180000000000000000000000000000000000000000000000100007704210912JULIO CESAR MORAES FARIA                LUIS STORES, 72 VILA UNIAO BANDEIRANTES             86360000                                                            000013
100000 000000000000 00090345100325490REGTIT30197408625574     0002020000005975479600000000002N           2  02000597547914031900000000034270000000099N140119000000000000000020000000000000000000000000000000000000000000000100010102971986CAMILA DOS SANTOS FERBONI               MACHADO DE ASSIS, 923 CENTRO OURIZONA PR            87170000                                                            000014
100000 000000000000 00090345100325490REGTIT30197408625574     0002020000005975480P00000000002N           2  02000597548014041900000000034270000000099N140119000000000000000020000000000000000000000000000000000000000000000100010102971986CAMILA DOS SANTOS FERBONI               MACHADO DE ASSIS, 923 CENTRO OURIZONA PR            87170000                                                            000015
100000 000000000000 00090345100325490REGTIT30199368178264     0002020000005957648000000000002N           2  02000595764819031900000000094970000000099N191118000000000000000060000000000000000000000000000000000000000000000100081678711268LUCILENE DA SILVA FLORENCIO             BELA VISTA, 466 CENTRO OURIZONA PR                  87170000                                                            000016
100000 000000000000 00090345100325490REGTIT30199611280477     0002020000005970012200000000002N           2  02000597001212031900000000450000000000099N090119000000000000000300000000000000000000000000000000000000000000000100007369316866LUZIA AP SANTANA MATTOS                 BARBARA ISAIAS, 1114 JARDIM SANTA RITA D            13457125                                                            000017
100000 000000000000 00090345100325490REGTIT30199814581130     0002020000005949072100000000002N           2  02000594907210031900000000066670000000099N251018000000000000000040000000000000000000000000000000000000000000000100030310628415MARIA  JOSE  SOARES                     RUA  MANOEL  SALDANHA, N 167 PEDRO  RAIM            56300000                                                            000018
9                                                                                                                                                                                                                                                                                                                                                                                                         000019