01REMESSA01COBRANCA       00000000000004852239ISPCN                         237BRADESCO       120319        MX0003011                                                                                                                                                                                                                                                                                     000001
100000 000000000000 00090345100325490REGTIT30111313575717     0002020000005975868600000000002N           2  02000597586815031900000000104700000000099N150119000000000000000070000000000000000000000000000000000000000000000100081678711268LUCILENE DA SILVA FLORENCIO             BELA VISTA, 466 CENTRO OURIZONA PR                  87170000                                                            000002
100000 000000000000 00090345100325490REGTIT30111932894127     0002020000005939359900000000002N           2  02000593935915031900000000140000000000099N270918000000000000000090000000000000000000000000000000000000000000000100028694988453BERNADETE DA CRUZ FERREIRA              RUA: CASTRO ALVES, 245 CENTRO  PETROLINA            56300000                                                            000003
100000 000000000000 00090345100325490REGTIT30113374046766     0002020000005965840100000000002N           2  02000596584010031900000000500000000000099N071218000000000000000330000000000000000000000000000000000000000000000100012341386890ANTONIO CARLOS RICCI                    AMERICANA, 462 RESIDENCIAL SAO JOAQUIM S            13452025                                                            000004
100000 000000000000 00090345100325490REGTIT30113557774581     0002020000005987647600000000002N           2  01000598764712041900000000495000000000099N120319000000000000000000000000000000000000000000000000000000000000000100078473403053DAIANE LACERDA                          PIAUI, 168 CORONEL NASSUCA GUAIBA RS                92500000                                                            000005
100000 000000000000 00090345100325490REGTIT30113557774581     0002020000005987648400000000002N           2  01000598764820041900000000165000000000099N120319000000000000000280000000000000000000000000000000000000000000000100078473403053DAIANE LACERDA                          PIAUI, 168 CORONEL NASSUCA GUAIBA RS                92500000                                                            000006
100000 000000000000 00090345100325490REGTIT30114455260468     0002020000005987622000000000002N           2  01000598762225041900000000118000000000099N120319000000000000000080000000000000000000000000000000000000000000000100015482169847ISABEL CRISTINA DOS REIS NOGUEIRA       ARISTEU VALENTE, 338 CENTRO NOVA ODESSA             13460970                                                            000007
100000 000000000000 00090345100325490REGTIT30115310294346     0002020000005969349500000000002N           2  02000596934910031900000000230000000000099N040119000000000000000150000000000000000000000000000000000000000000000100047384735904DIRCIONIL PEREIRA CAMPOS                RICARDO EUGENIO GRAESER, 101 CASA TATUQU            81480135                                                            000008
100000 000000000000 00090345100325490REGTIT30117269967326     0002020000005975675600000000002N           2  02000597567510031900000000200000000000099N150119000000000000000130000000000000000000000000000000000000000000000100033592643800ANA PAULA AP CAMPOS                     VALENCIA, 155 BL 22 APT 403 JARDIM BERTO            13478779                                                            000009
100000 000000000000 00090345100325490REGTIT30117489471269     0002020000005916804800000000002N           2  02000591680410031900000000200000000000099N120718000000000000000130000000000000000000000000000000000000000000000100028048582864LUCY DALVA DOS SANTOS OLIVEIRA          PROFETA JEREMIAS, 794 LAUDISSE SBO SP               13450000                                                            000010
100000 000000000000 00090345100325490REGTIT30118220110221     0002020000005976523200000000002N           2  02000597652320031900000000120000000000099N210119000000000000000080000000000000000000000000000000000000000000000100056977972220SIMONE DO SOCORRO DA SILVA OLIVEIRA     CORONEL JUVENCIO SARMENTO, 9 CRUZEIRO (I            66810080                                                            000011
100000 000000000000 00090345100325490REGTIT30118606999789     0002020000005969887P00000000002N           2  02000596988709031900000000100000000000099N090119000000000000000070000000000000000000000000000000000000000000000100047384735904DIRCIONIL PEREIRA CAMPOS                RICARDO EUGENIO GRAESER, 101 CASA TATUQU            81480135                                                            000012
100000 000000000000 00090345100325490REGTIT30118701121927     0002020000005960678900000000002N           2  02000596067806031900000000163330000000099N061218000000000000000110000000000000000000000000000000000000000000000100074359878249DEREK FABIO DOS SANTOS BENTES           JULIO GOMES, 439 CAMPINA DE ICOARACI (IC            66813050                                                            000013
100000 000000000000 00090345100325490REGTIT30118716869776     0002020000005975706P00000000002N           2  02000597570610031900000000220000000000099N150119000000000000000150000000000000000000000000000000000000000000000100010480099200MARIA NATALINA DA SILVA OLIVEIRA        ENEAS COSTA (JD NOVA ESPERANCA), 30 Q 22            67120405                                                            000014
100000 000000000000 00090345100325490REGTIT30119723365219     0002020000005979010500000000002N           2  02000597901005031900000000999000000000099N080219000000000000000670000000000000000000000000000000000000000000000100033369128810JOELMA ALMEIDA DOS SANTOS               WERNER GOLDBERG, 77 BLOCO GAIVOTA  AP 26            06414025                                                            000015
9                                                                                                                                                                                                                                                                                                                                                                                                         000016