01REMESSA01COBRANCA       00000000000004852239ISPCN                         237BRADESCO       050319        MX0002955                                                                                                                                                                                                                                                                                     000001
100000 000000000000 00090345100325490REGTIT29558586339073     0002020000005968839400000000002N           2  02000596883926021900000000055000000000099N261218000000000000000090000000000000000000000000000000000000000000000100028963888851CATIA SANTOS DA SILVA                   PRESIDENTE JOAO GOULART,  TATUQUARA CURI            81470470                                                            000002
9                                                                                                                                                                                                                                                                                                                                                                                                         000003