01REMESSA01COBRANCA       00000000000004852239ISPCN                         237BRADESCO       060319        MX0002959                                                                                                                                                                                                                                                                                     000001
100000 000000000000 00090345100325490REGTIT29591197175739     0002020000005959150100000000002N           2  01000595915005051900000000133330000000099N271118000000000000000090000000000000000000000000000000000000000000000100010764704168FELISBERTO DE CAMPOS ALMEIDA            11 QD 09, 37 NOVA ESPERANCA 3 CUIABA MT             78005150                                                            000002
100000 000000000000 00090345100325490REGTIT29591361446455     0002020000005984174500000000002N           2  01000598417405051900000000197000000000099N100219000000000000000130000000000000000000000000000000000000000000000100072824999853SERGIO MARCOS DE LIMA OLIVEIRA          OTAVIO AFONSO DA SILVA, 124 SITIO CERCAD            81925596                                                            000003
100000 000000000000 00090345100325490REGTIT29591538361108     0002020000005939870100000000002N           2  01000593987005051900000000230000000000099N290918000000000000000150000000000000000000000000000000000000000000000100011139548840VERA LUCIA FRANCISCO                    CRICIUMA, 318 JARDIM VISTA ALEGRE EMBU S            06807040                                                            000004
100000 000000000000 00090345100325490REGTIT29591546199826     0002020000005975942900000000002N           2  01000597594205051900000000170000000000099N160119000000000000000110000000000000000000000000000000000000000000000100074714520210RAIMUNDO CAMPOS BARBOSA                 RUA MAGALHAES BARATA, 110, 110 COTIJUBA             66846001                                                            000005
100000 000000000000 00090345100325490REGTIT29591724839371     0002020000005969181600000000002N           2  01000596918105051900000000430000000000099N020119000000000000000290000000000000000000000000000000000000000000000100053881559191FRANCIMAR FERREIRA DE SOUSA             QD 37 CONJUNTO B CASA, 16 SETOR CENTRAL             72405370                                                            000006
100000 000000000000 00090345100325490REGTIT29591750837883     0002020000005968730400000000002N           2  01000596873005051900000000300000000000099N261218000000000000000200000000000000000000000000000000000000000000000100003654710204MARIA DE NAZARÉ ROCHA DA SILVA          MAURA, 160 PONTA GROSSA (ICOARACI) BELEM            66812410                                                            000007
100000 000000000000 00090345100325490REGTIT29591772965494     0002020000005978339700000000002N           2  01000597833905051900000000051870000000099N040219000000000000000030000000000000000000000000000000000000000000000100010071409920MARCELO HENRIQUE DA SILVA               BELA VISTA, 0 CENTRO OURIZONA PR                    87170000                                                            000008
100000 000000000000 00090345100325490REGTIT29591941872015     0002020000005958577300000000002N           2  01000595857705051900000000100000000000099N241118000000000000000070000000000000000000000000000000000000000000000100001763419274MAECELO LIMA PEREIRA                    ALAGOAS, 520A JUCARA IMPERATRIZ MA                  65919170                                                            000009
100000 000000000000 00090345100325490REGTIT29591942511556     0002020000005956588800000000002N           2  01000595658805051900000000100000000000099N101118000000000000000070000000000000000000000000000000000000000000000100079931456434ANA LUCIA DE RAUJO OLIVEIRA             RUA 26, 43 QUATI  PETROLINA  PE                     56300000                                                            000010
100000 000000000000 00090345100325490REGTIT29592047941726     0002020000005978375300000000002N           2  01000597837505051900000000072850000000099N040219000000000000000050000000000000000000000000000000000000000000000100055003400500NAMIR BARCELOIS BORGES DE SANTANA       QR 415 CONJ 17 CS, 30 NORTE SAMAMBAIA DF            72000000                                                            000011
100000 000000000000 00090345100325490REGTIT29592167798636     0002020000005985311500000000002N           2  01000598531105051900000000043000000000099N180219000000000000000030000000000000000000000000000000000000000000000100087466236987SILVIA APARECIDA KUCHTA                 DO GANCHINHO, 01 CASA 1 GANCHINHO CURITI            81935552                                                            000012
100000 000000000000 00090345100325490REGTIT29592232602611     0002020000005890180900000000002N           2  01000589018005051900000000639280000000099N050518000000000000000430000000000000000000000000000000000000000000000100001007780894MANOEL PEDRO CAMILO                     ENGENHEIRO ANTONIO LACERDA, 261 JARDIM D            05893090                                                            000013
100000 000000000000 00090345100325490REGTIT29592245217325     0002020000005950737300000000002N           2  01000595073705051900000000116670000000099N061118000000000000000080000000000000000000000000000000000000000000000100031155421434MARIA DE LOURDES DO NASCIMENTO          RUA DELFIM, N 10 LOTE PADRE CICERO PETRO            56300000                                                            000014
100000 000000000000 00090345100325490REGTIT29592285771104     0002020000005986296300000000002N           2  01000598629605051900000000052230000000099N280219000000000000000030000000000000000000000000000000000000000000000100097167584991CECILIA BEATRIZ SABINO BASTOS           ARITA, 330 CENTRO OURIZONA PR                       87170000                                                            000015
100000 000000000000 00090345100325490REGTIT29592298021916     0002020000005977647100000000002N           2  01000597764705051900000000207140000000099N280119000000000000000140000000000000000000000000000000000000000000000100009422107946GEREMIAS GONCALVES DOS SANTOS           JOAQUIM BERTHOLDI, 235 CASA CAMPO DE SAN            81490418                                                            000016
100000 000000000000 00090345100325490REGTIT29592486303241     0002020000005846513800000000002N           2  01000584651305051900000002527050000000099N050118000000000000001680000000000000000000000000000000000000000000000100099727471587GEOVÁ JOSÉ DA SILVA                     MARIA JOSE DE SOUZA PEDREIRA, 171 PARQUE            06766240                                                            000017
100000 000000000000 00090345100325490REGTIT29592726808488     0002020000005976445700000000002N           2  01000597644505051900000000110000000000099N200119000000000000000180000000000000000000000000000000000000000000000100004670312901JULIANA MARIA DE SOUZA MACHADO          TOBIAS DA CRUZ, 75 COLONIA RIO GRANDE SA            83020690                                                            000018
100000 000000000000 00090345100325490REGTIT29592745207241     0002020000005978531400000000002N           2  01000597853105051900000000148000000000099N050219000000000000000200000000000000000000000000000000000000000000000100072082801853FIRMINA CASEMIRA DA SILVA               JAO QD 36 LT 43, s|n QD 36 LT 43 COLINA             74970000                                                            000019
100000 000000000000 00090345100325490REGTIT29592815124475     0002020000005937383000000000002N           2  01000593738305051900000000090000000000099N140918000000000000000060000000000000000000000000000000000000000000000100087283271368ABANIZA  ARAUJO  DOS  SANTOS            RUA  DOS  DELVINS, N 91 PADRE  CICERO PE            56300000                                                            000020
100000 000000000000 00090345100325490REGTIT29592848334995     0002020000005984243100000000002N           2  01000598424305051900000000183330000000099N110219000000000000000120000000000000000000000000000000000000000000000100067554873253CLEIA CRISTINA CARDOSO DA CRUZ          CRONGE DA SILVEIRA, 30 NAZARE BARCARENA             68445000                                                            000021
100000 000000000000 00090345100325490REGTIT29593022180220     0002020000005985727700000000002N           2  01000598572705051900000000120000000000099N220219000000000000000080000000000000000000000000000000000000000000000100000761266330SILVANA DA LUZ SILVEIRA                 RUA COELHO NETO, 237 SAO JOAO DO MARANHA            65290000                                                            000022
100000 000000000000 00090345100325490REGTIT29593083870746     0002020000005965814200000000002N           2  01000596581405051900000000276000000000099N061218000000000000000180000000000000000000000000000000000000000000000100027026663291MARIA ANTONIA DOS SANTOS DUTRA          PRESIDENTE GETULIO VARGAS, 703 TAPANA (I            66825060                                                            000023
100000 000000000000 00090345100325490REGTIT29593134806321     0002020000005978556P00000000002N           2  01000597855605051900000000104950000000099N050219000000000000000070000000000000000000000000000000000000000000000100001807699013KELLEN SOARES SAMPAIO                   RECIFE, 715 CASA SANTA RITA GUAIBA RS               92500000                                                            000024
100000 000000000000 00090345100325490REGTIT29593339031909     0002020000005930017500000000002N           2  01000593001705051900000000080000000000099N310818000000000000000050000000000000000000000000000000000000000000000100022671817894FERNANDO TAKESHI SASABUCHI              CARDEAL, 261 CASA 1 GRALHA AZUL FAZENDA             83824181                                                            000025
100000 000000000000 00090345100325490REGTIT29593464478651     0002020000005965861400000000002N           2  01000596586105051900000000120000000000099N071218000000000000000080000000000000000000000000000000000000000000000100002665712202ARIELLY CRISTINA DE ANDRADE SERRA       SANTA ISABEL, 697 CRUZEIRO (ICOARACI) BE            66810090                                                            000026
100000 000000000000 00090345100325490REGTIT29593528561712     0002020000005985950400000000002N           2  01000598595005051900000000200000000000099N250219000000000000000130000000000000000000000000000000000000000000000100040349575819MICHAEL SILVA SANTOS                    MARIA HEMINIA DE JESUS, 20 VILA SAO PEDR            09784420                                                            000027
100000 000000000000 00090345100325490REGTIT29593583609825     0002020000005975730200000000002N           2  01000597573005051900000000123500000000099N150119000000000000000080000000000000000000000000000000000000000000000100003311812905PATRICIA DA ROSA M MACHADO              TRIDI, 391 SB 01 GRALHA AZUL FAZENDA RIO            83824504                                                            000028
100000 000000000000 00090345100325490REGTIT29593736857403     0002020000005959445400000000002N           2  01000595944505051900000000150000000000099N291118000000000000000100000000000000000000000000000000000000000000000100063087065153GENY ROSA RIBEIRO DE SOUZA              NOVA BRASILIA, 04 00 JD CIDADE ALTA CACE            78000000                                                            000029
100000 000000000000 00090345100325490REGTIT29593742682499     0002020000005959990100000000002N           2  01000595999005051900000000100000000000099N031218000000000000000070000000000000000000000000000000000000000000000100046011374204LUCILINA SANTOS DOS SANTOS              KM 06, 06 COLONIA NOVA ABAETETUBA PA                68440000                                                            000030
100000 000000000000 00090345100325490REGTIT29593816788589     0002020000005930293300000000002N           2  01000593029305051900000000110000000000099N030918000000000000000070000000000000000000000000000000000000000000000100068698038387FRANCISCO DE ARIMATEIA FERREIRA DE ARAUJSUCUPIRA, 261 VILA ESPERANCA  PETROLINA             56300000                                                            000031
100000 000000000000 00090345100325490REGTIT29593920115712     0002020000005960615000000000002N           2  01000596061505051900000000043520000000099N051218000000000000000030000000000000000000000000000000000000000000000100074486268920MARIA ZULEIDE DA SILVA                  FLORIANOPOLIS, 506 CENTRO OURIZONA PR               87170000                                                            000032
100000 000000000000 00090345100325490REGTIT29594045801928     0002020000005969090900000000002N           2  01000596909005051900000000195000000000099N281218000000000000000260000000000000000000000000000000000000000000000100034575980889NELSON RODRIGUES DA SILVA               JALES, 211 CASA AMADOR BUENO ITAPEVI SP             06680290                                                            000033
100000 000000000000 00090345100325490REGTIT29594053339933     0002020000005985125200000000002N           2  01000598512505051900000001780000000000099N160219000000000000001190000000000000000000000000000000000000000000000216422558000103SR BUSINESS                             RIO SAO FRANCISCO, 660 WEISSOPOLIS PINHA            83322020                                                            000034
100000 000000000000 00090345100325490REGTIT29594111378552     0002020000005941281P00000000002N           2  01000594128105051900000000110000000000099N081018000000000000000070000000000000000000000000000000000000000000000100010895920433ADÃO VICENTE DE SOUZA                   RUA G, 08 PROJETO N10 PETROLINA  PE                 00000000                                                            000035
100000 000000000000 00090345100325490REGTIT29594167961999     0002020000005958538200000000002N           2  01000595853805051900000000100000000000099N241118000000000000000070000000000000000000000000000000000000000000000100004952208338JOSIANO BARBOSA COELHO                  RUA ALTO GRANDE, 293 SAO GONÇALO PETROLI            56300000                                                            000036
100000 000000000000 00090345100325490REGTIT29594320401110     0002020000005976623900000000002N           2  01000597662305051900000000432000000000099N220119000000000000000290000000000000000000000000000000000000000000000100006827917924JULIANA REGILAINE DA SILVA              ARAXA, 574 CENTRO OURIZONA PR                       87170000                                                            000037
100000 000000000000 00090345100325490REGTIT29594324830269     0002020000005931006500000000002N           2  01000593100605051900000000125000000000099N050918000000000000000080000000000000000000000000000000000000000000000100034002740463JOSE WILSON GOIS DE SOUZA               RUA DAS ROSAS, 669 DOM MALAN PETROLINA P            56300000                                                            000038
100000 000000000000 00090345100325490REGTIT29594366773507     0002020000005928952P00000000002N           2  01000592895205051900000000150000000000099N270818000000000000000100000000000000000000000000000000000000000000000100028218675817CARLOS ALBERTO BARBOSA                  RUA 20, 210 JARDIM PETROPOLIS PETROLINA             56300000                                                            000039
100000 000000000000 00090345100325490REGTIT29594427771381     0002020000005984744100000000002N           2  02000598474405031900000000110000000000099N130219000000000000000070000000000000000000000000000000000000000000000100055285333920LIRIA T F GULGIELMIN                    FRANCISCO LOURENCO JOHNSCHER, 1162 BOQUE            81750300                                                            000040
100000 000000000000 00090345100325490REGTIT29594427771381     0002020000005984746800000000002N           2  01000598474605051900000000110000000000099N130219000000000000000070000000000000000000000000000000000000000000000100055285333920LIRIA T F GULGIELMIN                    FRANCISCO LOURENCO JOHNSCHER, 1162 BOQUE            81750300                                                            000041
100000 000000000000 00090345100325490REGTIT29594475459700     0002020000005917960000000000002N           2  01000591796005051900000000100000000000099N190718000000000000000070000000000000000000000000000000000000000000000100097579084449DEUSIVAN COSTA LIMA                     RUA: B, 30 PROJETO N 03 PETROLINA PE                56300000                                                            000042
100000 000000000000 00090345100325490REGTIT29594512083182     0002020000005900923300000000002N           2  01000590092305051900000000100000000000099N020618000000000000000130000000000000000000000000000000000000000000000100078653002120ADVALDO APARECIDO BARBOSA               R CAMAPUA  QD 24 LT 21 CASA 2,  QD 24 LT            74970295                                                            000043
100000 000000000000 00090345100325490REGTIT29594606987713     0002020000005930716100000000002N           2  01000593071605051900000000150000000000099N040918000000000000000100000000000000000000000000000000000000000000000100017151480881LAURINDA GONCALVES DE SOUZA ALBIERO     ALBERTO NOVAES, 372 RES. FURLAN SANTA BÁ            13451192                                                            000044
100000 000000000000 00090345100325490REGTIT29594614937831     0002020000005919905900000000002N           2  01000591990505051900000000400000000000099N010818000000000000000270000000000000000000000000000000000000000000000100051135278822NATANAEL OLIVEIRA DIAS                  SERRA NEGRA, 41 JARDIM DOM JOSE EMBU SP             06824095                                                            000045
100000 000000000000 00090345100325490REGTIT29594743072262     0002020000005960537500000000002N           2  01000596053705051900000000251000000000099N051218000000000000000170000000000000000000000000000000000000000000000100073886297934MARIA ELIZABETE DE CASTRO OLIVEIRA      SARGENTO VALMOR NICOLADELLI, 45 XAXIM CU            81830505                                                            000046
100000 000000000000 00090345100325490REGTIT29594757455984     0002020000005977095300000000002N           2  01000597709505051900000000247000000000099N240119000000000000000160000000000000000000000000000000000000000000000100055308570949MARILAN AP S DE OLIVEIRA                BARAO DO CERRO AZUL, 3059 CARIOCA SAO JO            83005430                                                            000047
100000 000000000000 00090345100325490REGTIT29594782530984     0002020000005950678400000000002N           2  01000595067805051900000000100000000000099N061118000000000000000070000000000000000000000000000000000000000000000100000034848401ROZILDA SOUZA DOS SANTOS                RUA A, 04 AGROVILA MASSANGANO  PETROLINA            56300000                                                            000048
100000 000000000000 00090345100325490REGTIT29594835344764     0002020000005986293900000000002N           2  01000598629305051900000000048570000000099N280219000000000000000030000000000000000000000000000000000000000000000100003140711999ANGELA MARIA DE SOUZA ROSADA            CAMPO GRANDE, 982 CENTRO OURIZONA PR                87170000                                                            000049
100000 000000000000 00090345100325490REGTIT29594972593030     0002020000005931263700000000002N           2  01000593126305051900000000082000000000099N060918000000000000000050000000000000000000000000000000000000000000000100005361848441LIDIA  MARIA  RAMOS                     RUA  30, N 141 PARQUE  JATOBA PETROLINA             56300000                                                            000050
100000 000000000000 00090345100325490REGTIT29595030802227     0002020000005978559400000000002N           2  01000597855905051900000000110000000000099N050219000000000000000070000000000000000000000000000000000000000000000100096889543572ANA CELMA PEREIRA DA SILVA              ITAJUY,  CASA CENTRO FORMOSA DO RIO PRET            47990000                                                            000051
100000 000000000000 00090345100325490REGTIT29595034673271     0002020000005920589P00000000002N           2  01000592058905051900000000110000000000099N060818000000000000000070000000000000000000000000000000000000000000000100004455501479RAIMUNDA XAVIER DOS SANTOS              RUA: 10, 002B PARK SAO GONCALO PETROLINA            56300000                                                            000052
100000 000000000000 00090345100325490REGTIT29595035797903     0002020000005931353600000000002N           2  01000593135305051900000000095000000000099N060918000000000000000060000000000000000000000000000000000000000000000100003568106400ELENEIDE TAVARES DA SILVA CRUZ          RUA: DA MENSAGEM, 06 DOM AVELAR PETROLIN            56300000                                                            000053
100000 000000000000 00090345100325490REGTIT29595099489167     0002020000005965852500000000002N           2  01000596585205051900000000100000000000099N071218000000000000000070000000000000000000000000000000000000000000000100017107784234NORZILA DOS ANJOS MORAIS                SIQUEIRA MENDES, 1487 CRUZEIRO (ICOARACI            66810050                                                            000054
100000 000000000000 00090345100325490REGTIT29595362014563     0002020000005985120100000000002N           2  01000598512005051900000001780000000000099N160219000000000000001190000000000000000000000000000000000000000000000216422558000103SR BUSINESS                             RIO SAO FRANCISCO, 660 WEISSOPOLIS PINHA            83322020                                                            000055
100000 000000000000 00090345100325490REGTIT29595403143577     0002020000005975281500000000002N           2  01000597528105051900000000105000000000099N110119000000000000000070000000000000000000000000000000000000000000000100037046934215JANEA LEÃO DE MIRANDA                   MANOEL BARATA, 1180 PONTA GROSSA (ICOARA            66812020                                                            000056
100000 000000000000 00090345100325490REGTIT29595659773527     0002020000005967979400000000002N           2  01000596797905051900000000280000000000099N191218000000000000000190000000000000000000000000000000000000000000000100022508190845CARLOS HENRIQUE OLIVEIRA                LAZARO GONCALVES DE OLIVEIRA BL I AP 404            13458626                                                            000057
100000 000000000000 00090345100325490REGTIT29595693359254     0002020000005928302500000000002N           2  01000592830205051900000000217320000000099N230818000000000000000140000000000000000000000000000000000000000000000100005411310873GENI DE FATIMA PEREIRA PIRES            GUILHERME PIRES ROSARIO, 108 CAUCAIA ALT            06700000                                                            000058
100000 000000000000 00090345100325490REGTIT29595693437771     0002020000005975716700000000002N           2  01000597571605051900000000145000000000099N150119000000000000000100000000000000000000000000000000000000000000000100039789802234JEAN RICARDO PIRES DOS SANTOS           TRAVESSA ANDRADAS, 154 PONTA GROSSA (ICO            66812420                                                            000059
100000 000000000000 00090345100325490REGTIT29595752550524     0002020000005966731100000000002N           2  01000596673105051900000000176000000000099N121218000000000000000120000000000000000000000000000000000000000000000100000012251208ELAINE DO CARMO SOARES BRITO            NATAL, 3 TAPANA (ICOARACI) BELEM PA                 66825330                                                            000060
100000 000000000000 00090345100325490REGTIT29595780965665     0002020000005947236700000000002N           2  01000594723605051900000000110000000000099N121018000000000000000070000000000000000000000000000000000000000000000100002311765973ANDERSON ROBERTO ALEXANDRE DE FIGUEIREDODOMINGOS GRECA, 634 CASA BOA VISTA CURIT            82540260                                                            000061
100000 000000000000 00090345100325490REGTIT29595783416827     0002020000005985298400000000002N           2  01000598529805051900000000122670000000099N180219000000000000000080000000000000000000000000000000000000000000000100011687443858MARCOS FRANCISCO DOS SANTOS             RUA SEBASTIAO MALUCELLI, 1200 BL E AP 23            81050270                                                            000062
100000 000000000000 00090345100325490REGTIT29595998390143     0002020000005929044700000000002N           2  01000592904405051900000000100000000000099N270818000000000000000070000000000000000000000000000000000000000000000100003460730498MARIA GIRLENE DA SILVA SOARES           RUA: M, 05 PROJETO N 10 PETROLINA PE                56300000                                                            000063
100000 000000000000 00090345100325490REGTIT29596149891900     0002020000005946543300000000002N           2  01000594654305051900000000050000000000099N091018000000000000000030000000000000000000000000000000000000000000000100005742982402SHIRLENE GUIMARAES LIMA                 RUA 25, 280 ALTO DO COCAR  PETROLINA  PE            56300000                                                            000064
100000 000000000000 00090345100325490REGTIT29596165368825     0002020000005978393100000000002N           2  01000597839305051900000000167230000000099N040219000000000000000110000000000000000000000000000000000000000000000100001807699013KELLEN SOARES SAMPAIO                   RECIFE, 715 CASA SANTA RITA GUAIBA RS               92500000                                                            000065
100000 000000000000 00090345100325490REGTIT29596165446833     0002020000005984752200000000002N           2  01000598475205051900000000132000000000099N130219000000000000000090000000000000000000000000000000000000000000000100087301873972ZULEIKA S TRINDADE                      ISAIAS REGIS DE MIRANDA, 2627 CASA 3 BOQ            81670070                                                            000066
100000 000000000000 00090345100325490REGTIT29596290173244     0002020000005984749200000000002N           2  01000598474905051900000000338340000000099N130219000000000000000230000000000000000000000000000000000000000000000100004820544926MARIA EMILIA M DE OLIVEIRA              ANTONIO WOICIK, 06 PINHEIRINHO CURITIBA             81825070                                                            000067
100000 000000000000 00090345100325490REGTIT29596317463223     0002020000005977962400000000002N           2  01000597796205051900000000052970000000099N300119000000000000000040000000000000000000000000000000000000000000000100010245844961PATRIC DE OLIVEIRA                      BELA VISTA, 1391 CENTRO OURIZONA PR                 87170000                                                            000068
100000 000000000000 00090345100325490REGTIT29596323695911     0002020000005970266400000000002N           2  02000597026605031900000000120000000000099N100119000000000000000080000000000000000000000000000000000000000000000100059067993204ALEXANDRE PANTOJA GONÇALVES             SIQUEIRA MENDES, 594 CRUZEIRO (ICOARACI)            66810050                                                            000069
100000 000000000000 00090345100325490REGTIT29596323695911     0002020000005970268000000000002N           2  01000597026805051900000000120000000000099N100119000000000000000080000000000000000000000000000000000000000000000100059067993204ALEXANDRE PANTOJA GONÇALVES             SIQUEIRA MENDES, 594 CRUZEIRO (ICOARACI)            66810050                                                            000070
100000 000000000000 00090345100325490REGTIT29596423941072     0002020000005950424200000000002N           2  01000595042405051900000000158350000000099N051118000000000000000110000000000000000000000000000000000000000000000100005436461492DELZANI DA SILVA FREITAS                SILVANERE, 44 CENTRO PETROLINA PE                   56300000                                                            000071
100000 000000000000 00090345100325490REGTIT29596468155847     0002020000005949469700000000002N           2  01000594946905051900000000073340000000099N271018000000000000000050000000000000000000000000000000000000000000000100002066763446GISELIA MARIA DE LIMA                   RUA GERALDO BARRETO DE MENEZES, 233 GERC            56300000                                                            000072
100000 000000000000 00090345100325490REGTIT29596701172693     0002020000005869287800000000002N           2  01000586928705051900000000150000000000099N090318000000000000000100000000000000000000000000000000000000000000000100035085534859IBZA JONATAS PATRICIO                   ITABAPOAMA, 56 CS01 VILA ISA SAO PAULO S            04689050                                                            000073
100000 000000000000 00090345100325490REGTIT29596711769166     0002020000005931245900000000002N           2  01000593124505051900000000106250000000099N060918000000000000000070000000000000000000000000000000000000000000000100028695160459SEBASTIANA  GONSALVES   DOS  SANTOS     AVENIDA  DA  FELICIDADE, N 12 DOM AVELAR            56300000                                                            000074
100000 000000000000 00090345100325490REGTIT29596874812526     0002020000005940660700000000002N           2  01000594066005051900000000097500000000099N031018000000000000000070000000000000000000000000000000000000000000000100005504581826MARIA CARMELA DA SILVA OLIVEIRA         URUPEMA, 135 PX  AO POSTO DE SAUDE JARDI            06727100                                                            000075
100000 000000000000 00090345100325490REGTIT29596957569863     0002020000005975447800000000002N           2  01000597544705051900000000348000000000099N140119000000000000000230000000000000000000000000000000000000000000000100083234322953APARECIDO BISPO SANTOS                  DOM PEDRO I, 227 PARQUE OLARIA SANTA BAR            13458012                                                            000076
100000 000000000000 00090345100325490REGTIT29597034072507     0002020000005950719500000000002N           2  01000595071905051900000000116670000000099N061118000000000000000080000000000000000000000000000000000000000000000100088320448468SEVERINO FERREIRA DA SILVA NETO         RUA JANUARIO ALVES, 5 AP 105 CENTRO  PET            56300000                                                            000077
100000 000000000000 00090345100325490REGTIT29597076723558     0002020000005966469P00000000002N           2  01000596646905051900000000145670000000099N111218000000000000000100000000000000000000000000000000000000000000000100045798982904JOAO DO CARMO COSTA                     ANTONIO DUARTE, 318 CARVALHO HENRIQUE BA            86360000                                                            000078
100000 000000000000 00090345100325490REGTIT29597338138346     0002020000005975722100000000002N           2  01000597572205051900000000280000000000099N150119000000000000000190000000000000000000000000000000000000000000000100048850764987TANIA CLONODI LEIRIA LIPKA              FREDERICO LAMPE, 62 XAXIM CURITIBA PR               81710540                                                            000079
100000 000000000000 00090345100325490REGTIT29597554377089     0002020000005977677300000000002N           2  01000597767705051900000000098870000000099N280119000000000000000070000000000000000000000000000000000000000000000100084730765915SUELI APARECIDA MULATI DRAGUNSKI        BELA VISTA, 1194 CASA CENTRO OURIZONA PR            87170000                                                            000080
100000 000000000000 00090345100325490REGTIT29597830276712     0002020000005948318000000000002N           2  01000594831805051900000000783330000000099N201018000000000000000520000000000000000000000000000000000000000000000100032902420803DANIELLE ALVES BRANDELLI CAVALLARI      DAS NACOES, 411 BL AUSTRALIA AP 1202 VIL            06422100                                                            000081
100000 000000000000 00090345100325490REGTIT29597836640866     0002020000005931253P00000000002N           2  01000593125305051900000000095000000000099N060918000000000000000060000000000000000000000000000000000000000000000100003654637442IRACEMA  SANTOS  DE  SOUZA              RUA  04, N 2303 PROJETO MARIA TEREZA PET            56300000                                                            000082
100000 000000000000 00090345100325490REGTIT29597851084445     0002020000005926240000000000002N           2  01000592624005051900000000085000000000099N110818000000000000000060000000000000000000000000000000000000000000000100010927681498JOÃO BATISTA DO NASCIMENTO              ILHA DO COQUEIRO, S|N ILHA DO COQUEIRO P            56300000                                                            000083
100000 000000000000 00090345100325490REGTIT29598010719695     0002020000005977099600000000002N           2  01000597709905051900000000180800000000099N240119000000000000000120000000000000000000000000000000000000000000000100067759718934SUELY TEREZINHA S PINTO                 MARIA ETELVINA ANTUNES DE SA, 85 CIDADE             81460370                                                            000084
100000 000000000000 00090345100325490REGTIT29598193673288     0002020000005957179900000000002N           2  01000595717905051900000000095000000000099N141118000000000000000060000000000000000000000000000000000000000000000100007616294405ELIANE DA COSTA SANTOS                  RUA B, 30 PROJETO N3 PETROLINA PE                   56300000                                                            000085
100000 000000000000 00090345100325490REGTIT29598225249457     0002020000005985001900000000002N           2  01000598500105051900000000160000000000099N150219000000000000000110000000000000000000000000000000000000000000000100065017323287LUCIRENE DOS SANTOS ROSÁRIO             RUA CHICO MENDES, 1789 BRASILIA - OUTEIR            66840085                                                            000086
100000 000000000000 00090345100325490REGTIT29598246911188     0002020000005959949900000000002N           2  01000595994905051900000000200000000000099N031218000000000000000130000000000000000000000000000000000000000000000100008688133204IVANILDE SOARES PINHEIRO                JOÃO BATISTA, 32 ROD ARTHUR BERNARDES TA            66825380                                                            000087
100000 000000000000 00090345100325490REGTIT29598265411315     0002020000005958313400000000002N           2  01000595831305051900000000114000000000099N221118000000000000000080000000000000000000000000000000000000000000000100002499527935JULIANE STRAUBE DE MEDEIROS             HAMILCAR PIZZATTO, 367 TATUQUARA CURITIB            81480300                                                            000088
100000 000000000000 00090345100325490REGTIT29598465992733     0002020000005889490P00000000002N           2  02000588949005051900000000310000000000099N010518000000000000000210000000000000000000000000000000000000000000000100003789334421DJANE DE OLIVEIRA GOMES                 ITAPEVI, 173 CASA AMADOR BUENO ITAPEVI S            06680170                                                            000089
100000 000000000000 00090345100325490REGTIT29598478748641     0002020000005975986000000000002N           2  01000597598605051900000000286670000000099N160119000000000000000190000000000000000000000000000000000000000000000100001353913260NATHASKA LORRANA SANTIAGO DA ROCHA      QUINZE DE AGOSTO, 249 ALAMEDA JOINVILLE             66810070                                                            000090
100000 000000000000 00090345100325490REGTIT29598486862339     0002020000005950540000000000002N           2  01000595054005051900000000083350000000099N061118000000000000000060000000000000000000000000000000000000000000000100005672513573WANDERSON   RODRIGUES  COELHO           RUA  F, N 15 AGROVILA  ROÇADO PETROLINA             56300000                                                            000091
100000 000000000000 00090345100325490REGTIT29598533945638     0002020000005978151300000000002N           2  01000597815105051900000000114830000000099N010219000000000000000080000000000000000000000000000000000000000000000100004842919981DANIELE APARECIDA PRESSE SILVA          MANDACARU, 845 SLC  - MARINGA PR                    87080000                                                            000092
100000 000000000000 00090345100325490REGTIT29598544992767     0002020000005969473400000000002N           2  01000596947305051900000000073000000000099N050119000000000000000050000000000000000000000000000000000000000000000100000620986166VANDA DA SILVA LIMA                     RUA A QD C LT 28, S|N QD C LT 28 VILAGUE            74968660                                                            000093
100000 000000000000 00090345100325490REGTIT29598563017120     0002020000005985942300000000002N           2  01000598594205051900000000240000000000099N250219000000000000000160000000000000000000000000000000000000000000000100032959516249MARIANA FRANÇA DOS SANTOS               DEZOITO (CJ MAGUARI), 51 ICOARACY BELEM             66823082                                                            000094
100000 000000000000 00090345100325490REGTIT29598586339073     0002020000005968839400000000002N           2  02000596883926021900000000055000000000099N261218000000000000000090000000000000000000000000000000000000000000000100028963888851CATIA SANTOS DA SILVA                   PRESIDENTE JOAO GOULART,  TATUQUARA CURI            81470470                                                            000095
100000 000000000000 00090345100325490REGTIT29598659595238     0002020000005939740300000000002N           2  01000593974005051900000000458000000000099N280918000000000000000310000000000000000000000000000000000000000000000100001055459103RAFAEL CARDOSO NEVES                    SANTA FLORA, S|N RURAL NOVA ANDRADINA MS            79750000                                                            000096
100000 000000000000 00090345100325490REGTIT29598686916832     0002020000005977330800000000002N           2  01000597733005051900000000060000000000099N240119000000000000000100000000000000000000000000000000000000000000000100087301970900JECE EVANGELISTA DURAES                 JOSE LUCIANO, 327 BRAGA SAO JOSE DOS PIN            83020230                                                            000097
100000 000000000000 00090345100325490REGTIT29598916571926     0002020000005928489700000000002N           2  01000592848905051900000000100000000000099N240818000000000000000070000000000000000000000000000000000000000000000100003166497595RITA DE CASSIA DOS SANTOS               RUA: O, 21 QUADRA D PROJETO N 4 PETROLIN            56300000                                                            000098
100000 000000000000 00090345100325490REGTIT29598978252092     0002020000005984171000000000002N           2  01000598417105051900000000106670000000099N100219000000000000000070000000000000000000000000000000000000000000000100004754836936FRANCIELLI TAPIA BORGES                 JOEL PEDRINI, 42 CASA 03 UBERABA CURITIB            81570500                                                            000099
100000 000000000000 00090345100325490REGTIT29599099578807     0002020000005959832800000000002N           2  01000595983205051900000000600000000000099N301118000000000000000400000000000000000000000000000000000000000000000100007920479827IRACEMA SANTANA DA SILVA                CEDRO, 223 PARQUE JACARANDA TABOAO DA SE            06774020                                                            000100
100000 000000000000 00090345100325490REGTIT29599129801856     0002020000005969822500000000002N           2  02000596982220021900000000154000000000099N080119000000000000000100000000000000000000000000000000000000000000000100025482177874NERON GAVIAO                            JOAO TONON, 886 VILA BELA GUARAPUAVA PR             85027050                                                            000101
100000 000000000000 00090345100325490REGTIT29599207718459     0002020000005967109200000000002N           2  01000596710905051900000000330000000000099N141218000000000000000220000000000000000000000000000000000000000000000100073863980930CLODOMIRA FERNANDES GLOCK               TUBARAO, 250 SAO SEBASTIAO SAO JOSE DOS             83075060                                                            000102
100000 000000000000 00090345100325490REGTIT29599491486855     0002020000005978592600000000002N           2  01000597859205051900000000059000000000099N050219000000000000000040000000000000000000000000000000000000000000000100017572085857WALBERTO SATTI                          ANDRÉ REBOUÇAS, 192 JARDIM PARAÍSO SANTA            13457057                                                            000103
100000 000000000000 00090345100325490REGTIT29599554249391     0002020000005975734500000000002N           2  01000597573405051900000000278000000000099N150119000000000000000190000000000000000000000000000000000000000000000100079292917900ROSANGELA LIMA DIAS                     MOYSES GUTZTEIN, 1180 AP 103 BL 01 SITIO            81925180                                                            000104
100000 000000000000 00090345100325490REGTIT29599621888647     0002020000005941001900000000002N           2  02000594100105051900000001140000000000099N051018000000000000000760000000000000000000000000000000000000000000000100092511295920EGLAEL MARTINS PEREIRA                  DAS GARCAS, 249	       BATEL GUARAPUAVA             85015500                                                            000105
100000 000000000000 00090345100325490REGTIT29599842631978     0002020000005975528800000000002N           2  01000597552805051900000000246000000000099N140119000000000000000160000000000000000000000000000000000000000000000100014085322800MARISA FELIX DA COSTA                   DOS EUCALIPTOS, 697 EUCALIPTOS CENTRO (C            06727240                                                            000106
100000 000000000000 00090345100325490REGTIT29599955501378     0002020000005957728200000000002N           2  01000595772805051900000000211130000000099N191118000000000000000140000000000000000000000000000000000000000000000100084515635468EULINA DE ARAUJO BARROS                 RUA 01, 313 N3 PETROLINA PE                         56300000                                                            000107
9                                                                                                                                                                                                                                                                                                                                                                                                         000108