01REMESSA01COBRANCA       00000000000004972103WC SISTEMAS E EQUIPAMENTOS DE 237BRADESCO       070319        MX0002596                                                                                                                                                                                                                                                                                     000001
100000 000000000000 00090345100240370REGTIT25961901038203     0002020000005970675900000000002N           2  02190103820330011900000000263700000000099N110119000000000000000400000000000000000000000000000000000000000000000211877897000152JQ COMERCIO DE OCULOS LTDA              RUA AMERICO ALVES, 02C                              48903470                                                            000002
9                                                                                                                                                                                                                                                                                                                                                                                                         000003