01REMESSA01COBRANCA       00000000000004852239ISPCN                         237BRADESCO       180319        MX0003058                                                                                                                                                                                                                                                                                     000001
100000 000000000000 00090345100325490REGTIT30581168885011     0002020000005967818600000000002N           2  02000596781818031900000000122000000000099N181218000000000000000080000000000000000000000000000000000000000000000100025911707896HUMBERTO CEZAR FORCHETTI                FUNCIONARIO DA POR DO SOL, 22 CENTRO MON            13190000                                                            000002
100000 000000000000 00090345100325490REGTIT30581586931182     0002020000005985447200000000002N           2  02000598544719031900000000142500000000099N190219000000000000000100000000000000000000000000000000000000000000000100043235202803VICTOR APARECIDO DA SILVA(IND.MARCELO LARUA 19, 16 VASA BELA VISTA MONTE MOR SP             13190000                                                            000003
100000 000000000000 00090345100325490REGTIT30581692768976     0002020000005917587700000000002N           2  02000591758720021900000000070000000000099N180718000000000000000050000000000000000000000000000000000000000000000100036623832840LAIS CRISTINA RODRIGUES                 ANTONIO BERNARDES RANGEL, 165 VILA BÉTIC            13450000                                                            000004
100000 000000000000 00090345100325490REGTIT30582081595932     0002020000005985735800000000002N           2  06000598573530031900000000195000000000099N220219000000000000000130000000000000000000000000000000000000000000000100003900475202TEREZA DOS SANTOS RAMOS                 RIO CARA-CARA, 00 CACHOEIRA DO ARARI MAR            68840000                                                            000005
100000 000000000000 00090345100325490REGTIT30582405450824     0002020000005985366200000000002N           2  02000598536620031900000000135000000000099N190219000000000000000090000000000000000000000000000000000000000000000100040881266884PAULA CARDOSO                           EDUARDO STRAZDIN, 810 RESIDENCIAL FURLAN            13451170                                                            000006
100000 000000000000 00090345100325490REGTIT30582532118049     0002020000005927628200000000002N           2  02000592762810031900000000229000000000099N200818000000000000000150000000000000000000000000000000000000000000000100019690591843ROSANA CASSIMIRO AMADO                  NICOLAU FURLAN, 527 RESIDENCIAL FURLAN S            13451188                                                            000007
100000 000000000000 00090345100325490REGTIT30583526269731     0002020000005975436200000000002N           2  02000597543614031900000000064650000000099N140119000000000000000040000000000000000000000000000000000000000000000100002000716962MARIA VICENTE BARBOSA                   QUADRA 2 LOTE 13, LOTE13 BAIXADA DA AREI            87170000                                                            000008
100000 000000000000 00090345100325490REGTIT30583666110481     0002020000005920577600000000002N           2  02000592057715031900000000240000000000099N060818000000000000000160000000000000000000000000000000000000000000000100028830341843DANIELA SOARES DA SILVA                 PADRE ANCHIETA, 364 VILA SIQUEIRA CAMPOS            13451036                                                            000009
100000 000000000000 00090345100325490REGTIT30584258690227     0002020000005993531600000000002N           2  01000599353118041900000000266000000000099N180319000000000000000180000000000000000000000000000000000000000000000221066139000108ENGELMIG ENERGIA                        ROD BR 262, S|N KM 37,9 BOM JARDIM MANHU            36900000                                                            000010
100000 000000000000 00090345100325490REGTIT30584330981518     0002020000005947131P00000000002N           2  02000594713110031900000000105000000000099N111018000000000000000070000000000000000000000000000000000000000000000100004145318412KEILA  KATIANA  AMORIM  SILVA           RUA  G, N 25 TORRES  DOLAMITA   PETROLIN            56300000                                                            000011
100000 000000000000 00090345100325490REGTIT30584551328826     0002020000005966434700000000002N           2  02000596643415031900000000178000000000099N101218000000000000000120000000000000000000000000000000000000000000000100039782284831ANA CLAUDIA AP RODRIGUES                PADRE ARTHUR SAMPAIO AP 03 B, BL 105 CON            13458182                                                            000012
100000 000000000000 00090345100325490REGTIT30584910604444     0002020000005976027300000000002N           2  02000597602717031900000000170000000000099N170119000000000000000110000000000000000000000000000000000000000000000100030437341810ELIANA MENDES                           TIRADENTES, 991 JARDIM AMERICA SANTA BAR            13450256                                                            000013
100000 000000000000 00090345100325490REGTIT30585153263720     0002020000005951256300000000002N           2  02000595125601031900000000100000000000099N081118000000000000000070000000000000000000000000000000000000000000000100007499837440SANAIDE ARAUJO SILVA SANTOS             RUA:CURRUPIÃO, N:98 PEDRA LINDA PETROLIN            56300000                                                            000014
100000 000000000000 00090345100325490REGTIT30585528814974     0002020000005968477100000000002N           2  02000596847722031900000000039650000000099N221218000000000000000030000000000000000000000000000000000000000000000100003080361903MARIA BERNADETE FACINA DEGAN            RUA CAMPO GRANDE, 693 CENTRO OURIZONA PR            87170000                                                            000015
100000 000000000000 00090345100325490REGTIT30585743571408     0002020000005949477800000000002N           2  02000594947725021900000000123900000000099N271018000000000000000080000000000000000000000000000000000000000000000100036623832840LAIS CRISTINA RODRIGUES                 ANTONIO BERNARDES RANGEL, 165 VILA BÉTIC            13450000                                                            000016
100000 000000000000 00090345100325490REGTIT30586485341787     0002020000005993535900000000002N           2  01000599353518041900000000047970000000099N180319000000000000000030000000000000000000000000000000000000000000000100005607342980ANDRIA PRIULI CAMARGO                   MILTON EDUARDO LUDERS, 696 CONJUNTO JOAO            87043570                                                            000017
100000 000000000000 00090345100325490REGTIT30586819945983     0002020000005976767700000000002N           2  02000597676710041900000000560000000000099N220119000000000000000370000000000000000000000000000000000000000000000100011551813874VILMA AP SOARES DA SILVA                PEDRO CANDIDO RANGEL, 183 PARQUE RESIDEN            13458066                                                            000018
100000 000000000000 00090345100325490REGTIT30586950908994     0002020000005985771400000000002N           2  02000598577122031900000000215000000000099N220219000000000000000140000000000000000000000000000000000000000000000100084200812720JOSE RAIMUNDO DOS SANTOS                RUA SETE, 399 JARDIM PAULISTA MONTE MOR             13190000                                                            000019
100000 000000000000 00090345100325490REGTIT30586957569863     0002020000005975445100000000002N           2  02000597544505031900000000348000000000099N140119000000000000000230000000000000000000000000000000000000000000000100083234322953APARECIDO BISPO SANTOS                  DOM PEDRO I, 227 PARQUE OLARIA SANTA BAR            13458012                                                            000020
100000 000000000000 00090345100325490REGTIT30587210859060     0002020000005959641400000000002N           2  02000595964107031900000000175000000000099N301118000000000000000120000000000000000000000000000000000000000000000100004761605960LUCAS BALAN                             EQUADOR, 117 JARDIM VITORIA CAMBE PR                86182135                                                            000021
100000 000000000000 00090345100325490REGTIT30588591543291     0002020000005940289P00000000002N           2  02000594028910031900000000100000000000099N021018000000000000000070000000000000000000000000000000000000000000000100017020662404CLAUDEMIRO ALVES DA SILVA               RUA: AURELINA DIAS DO NASCIMENTO, 25 COH            56300000                                                            000022
100000 000000000000 00090345100325490REGTIT30589559805140     0002020000005958861600000000002N           2  02000595886128021900000000040950000000099N261118000000000000000030000000000000000000000000000000000000000000000100006517923985RITA DE CASSIA DE OLIVEIRA              CATARINENSE, 472 CASA CENTRO OURIZONA PR            87170000                                                            000023
9                                                                                                                                                                                                                                                                                                                                                                                                         000024