01REMESSA01COBRANCA       00000000000004852239ISPCN                         237BRADESCO       190319        MX0003065                                                                                                                                                                                                                                                                                     000001
100000 000000000000 00090345100325490REGTIT30654544482897     0002020000005993649500000000002N           2  01000599364919041900000001920000000000099N190319000000000000001280000000000000000000000000000000000000000000000100045433725812DIEGO DAMIAO SOARES GOMES               SAO JORGE, 68 JARDIM VALO VERDE EMBU SP             06815320                                                            000002
100000 000000000000 00090345100325490REGTIT30655207015114     0002020000005993655P00000000002N           2  01000599365519041900000001258000000000099N190319000000000000000840000000000000000000000000000000000000000000000100037144713833DAVI DE JESUS OLIVEIRA                  JUSCELINO PINHEIRO DE SA, 91 JARDIM DO É            06865030                                                            000003
100000 000000000000 00090345100325490REGTIT30655221088818     0002020000005928239800000000002N           2  02000592823923021900000000108330000000099N230818000000000000000070000000000000000000000000000000000000000000000100024847344847GERLANDIO VIEIRA DE FREITAS             SAO LAZARO GLEBA 03 CASA 03 NUMERO 353,             72700000                                                            000004
100000 000000000000 00090345100325490REGTIT30655418573075     0002020000005993671100000000002N           2  01000599367119041900000001600000000000099N190319000000000000001070000000000000000000000000000000000000000000000100047907760852DENILSON JESUS CARVALHO                 FRANCISCO DE HOLANDA, 608 A JARDIM MARIA            05761210                                                            000005
100000 000000000000 00090345100325490REGTIT30655461066977     0002020000005993653300000000002N           2  01000599365319041900000001350000000000099N190319000000000000000900000000000000000000000000000000000000000000000100022948161886DIEGO ROMAO FAUSTINO                    10, 0 JARDIM VISTA ALEGRE EMBU SP                   06807390                                                            000006
100000 000000000000 00090345100325490REGTIT30657210143030     0002020000005993672P00000000002N           2  01000599367219041900000000249860000000099N190319000000000000000170000000000000000000000000000000000000000000000100033367151807DORANEI BENTO DA SILVA                  PRIMEIRO DE MAIO (VL S PEDRO), 14 MONTAN            09784375                                                            000007
100000 000000000000 00090345100325490REGTIT30657511923271     0002020000005985043400000000002N           2  02000598504320031900000000230000000000099N160219000000000000000150000000000000000000000000000000000000000000000100028950007860SARA QUEIROZ RIBEIRO FELICIANO          ORLANDO CERCHIARE, 105 JARDIM VILA RICA             13453255                                                            000008
100000 000000000000 00090345100325490REGTIT30658274135502     0002020000005993675400000000002N           2  01000599367510041900000000300000000000099N190319000000000000000200000000000000000000000000000000000000000000000100026921450899CLARET APARECIDA DE LIMA CAMILO         ARTUR NOGUEIRA, 22 JD SAO JOAQUIM SANTA             13453110                                                            000009
100000 000000000000 00090345100325490REGTIT30658274135502     0002020000005993676200000000002N           2  01000599367610051900000000300000000000099N190319000000000000000200000000000000000000000000000000000000000000000100026921450899CLARET APARECIDA DE LIMA CAMILO         ARTUR NOGUEIRA, 22 JD SAO JOAQUIM SANTA             13453110                                                            000010
100000 000000000000 00090345100325490REGTIT30658756179648     0002020000005993651700000000002N           2  01000599365119041900000000100000000000099N190319000000000000000070000000000000000000000000000000000000000000000100034949559800DANIEL ROCHA                            SANCHO GARCIA, 9 - S PAULO SP                       05763000                                                            000011
100000 000000000000 00090345100325490REGTIT30659723055404     0002020000005993656800000000002N           2  01000599365615041900000000165000000000099N190319000000000000000110000000000000000000000000000000000000000000000100002853605159RAFAEL SOUSA DE SENA                    QR 415 CONJ 15 CS 28, 28 SAMAMBAIA NORTE            72000000                                                            000012
100000 000000000000 00090345100325490REGTIT30659723055404     0002020000005993657600000000002N           2  01000599365715051900000000165000000000099N190319000000000000000110000000000000000000000000000000000000000000000100002853605159RAFAEL SOUSA DE SENA                    QR 415 CONJ 15 CS 28, 28 SAMAMBAIA NORTE            72000000                                                            000013
9                                                                                                                                                                                                                                                                                                                                                                                                         000014