01REMESSA01COBRANCA       00000000000004852239ISPCN                         237BRADESCO       010319        MX0002933                                                                                                                                                                                                                                                                                     000001
100000 000000000000 00090345100325490REGTIT29331391324599     0002020000005977091000000000002N           2  02000597709104031900000000190000000000099N240119000000000000000130000000000000000000000000000000000000000000000100028992245149LUZIA FELIZADOS DA ROCHA                JADER BARBALHO, 2678 AGUA BOA (OUTEIRO)             66843650                                                            000002
100000 000000000000 00090345100325490REGTIT29332096607875     0002020000005968557300000000002N           2  02000596855724021900000000027400000000099N241218000000000000000020000000000000000000000000000000000000000000000100010245821910IRIS DE OLIVEIRA                        BELA VISTA, 0 CENTRO OURIZONA PR                    87170000                                                            000003
100000 000000000000 00090345100325490REGTIT29332245217325     0002020000005950735700000000002N           2  02000595073505031900000000116670000000099N061118000000000000000080000000000000000000000000000000000000000000000100031155421434MARIA DE LOURDES DO NASCIMENTO          RUA DELFIM, N 10 LOTE PADRE CICERO PETRO            56300000                                                            000004
100000 000000000000 00090345100325490REGTIT29332289930271     0002020000005950088300000000002N           2  02000595008810031900000000225000000000099N011118000000000000000150000000000000000000000000000000000000000000000100018126812249MARIA DA CONCEIÇÃO FERREIRA DIAS        DEODORO DA FONSECA, 1979 BRASILIA (OUTEI            66845440                                                            000005
100000 000000000000 00090345100325490REGTIT29332405263806     0002020000005947319300000000002N           2  02000594731907031900000000100000000000099N131018000000000000000070000000000000000000000000000000000000000000000100054095000406FABIO  DE   SOUZA   LIMA                RUA  ANTONIA   VIEIRA  LIMA, N 87 JARDIM            56300000                                                            000006
100000 000000000000 00090345100325490REGTIT29332759471804     0002020000005956887900000000002N           2  02000595688706031900000000130000000000099N131118000000000000000090000000000000000000000000000000000000000000000100016793297821SONIA APARECIDA RODRIGUES NUNES DA SILVAPRESIDENTE ARTUR COSTA E SILVA, 16 31 DE            13450000                                                            000007
100000 000000000000 00090345100325490REGTIT29332786043613     0002020000005979016400000000002N           2  02000597901605031900000000080000000000099N080219000000000000000050000000000000000000000000000000000000000000000100023864491819JOSUE ROBERT                            MUNIQUE, 46 VILA ENGENHO NOVO BARUERI SP            06416140                                                            000008
100000 000000000000 00090345100325490REGTIT29333052051203     0002020000005968429100000000002N           2  02000596842915021900000000034690000000099N221218000000000000000020000000000000000000000000000000000000000000000100011815988932RAPHAELA DOS SANTOS CAVICHIO            CAMPO GRANDE, 1131 CENTRO OURIZONA PR               87170000                                                            000009
100000 000000000000 00090345100325490REGTIT29334320401110     0002020000005976620400000000002N           2  02000597662005021900000000433260000000099N220119000000000000000290000000000000000000000000000000000000000000000100006827917924JULIANA REGILAINE DA SILVA              ARAXA, 574 CENTRO OURIZONA PR                       87170000                                                            000010
100000 000000000000 00090345100325490REGTIT29334377207097     0002020000005966113500000000002N           2  02000596611320021900000000041600000000099N081218000000000000000030000000000000000000000000000000000000000000000100004057824979HELENA DE OLIVEIRA PEDRO                DEOCLECIO BEZERRA, 61 CENTRO OURIZONA PR            87170000                                                            000011
100000 000000000000 00090345100325490REGTIT29334377207097     0002020000005966114300000000002N           2  02000596611420031900000000041600000000099N081218000000000000000030000000000000000000000000000000000000000000000100004057824979HELENA DE OLIVEIRA PEDRO                DEOCLECIO BEZERRA, 61 CENTRO OURIZONA PR            87170000                                                            000012
100000 000000000000 00090345100325490REGTIT29334996239141     0002020000005939896500000000002N           2  02000593989631011900000000032760000000099N290918000000000000000020000000000000000000000000000000000000000000000100006393539917CRISLAINE APARECIDA DA COSTA FERNANDES  BELA VISTA, 1465 CENTRO OURIZONA PR                 87170000                                                            000013
100000 000000000000 00090345100325490REGTIT29335110508273     0002020000005957681200000000002N           2  02000595768128021900000000276000000000099N191118000000000000000180000000000000000000000000000000000000000000000100044895119300MARIA DA CONCEIÇÃO APRIGIO              PRESIDENTE GETULIO VARGAS, 703 TAPANA (I            66825060                                                            000014
100000 000000000000 00090345100325490REGTIT29335128362373     0002020000005977510600000000002N           2  02000597751026031900000000042500000000099N260119000000000000000030000000000000000000000000000000000000000000000100062153706904NATALICE SALES DE OLIVEIRA              EUCLIDES DA CUNHA, 560 CENTRO OURIZONA P            87170000                                                            000015
100000 000000000000 00090345100325490REGTIT29335174942186     0002020000005956560800000000002N           2  02000595656005031900000000270000000000099N101118000000000000000180000000000000000000000000000000000000000000000100010882596268MARIA DAS DORES DOS SANTOS RODRIGUES    BRASILIA _ PASS. SÃO JORGE, 139 ICOARACI            06682268                                                            000016
100000 000000000000 00090345100325490REGTIT29335752550524     0002020000005966729P00000000002N           2  02000596672905031900000000176000000000099N121218000000000000000120000000000000000000000000000000000000000000000100000012251208ELAINE DO CARMO SOARES BRITO            NATAL, 3 TAPANA (ICOARACI) BELEM PA                 66825330                                                            000017
100000 000000000000 00090345100325490REGTIT29335952159095     0002020000005968321P00000000002N           2  02000596832110031900000000038960000000099N211218000000000000000030000000000000000000000000000000000000000000000100010102971986CAMILA DOS SANTOS FERBONI               MACHADO DE ASSIS, 923 CENTRO OURIZONA PR            87170000                                                            000018
100000 000000000000 00090345100325490REGTIT29336044255929     0002020000005959916200000000002N           2  02000595991603021900000000059790000000099N011218000000000000000040000000000000000000000000000000000000000000000100005704841970VANESSA RIBEIRO OMENA                   RUA GUATEMALA, 326 CENTRO OURIZONA PR               87170000                                                            000019
100000 000000000000 00090345100325490REGTIT29336080420369     0002020000005979012100000000002N           2  02000597901205031900000000376670000000099N080219000000000000000250000000000000000000000000000000000000000000000100023915982890STEPHANIE MILORD                        CAPITAO FRANCISCO CEZAR, 1496 VILA PINDO            06415000                                                            000020
100000 000000000000 00090345100325490REGTIT29336185046252     0002020000005929798000000000002N           2  02000592979804031900000000075000000000099N300818000000000000000050000000000000000000000000000000000000000000000100038652633487FRANCISCA  MARIA  DE  MACEDO            RUA  E, N 56 VALE GRANDE  RIO PETROLINA             56300000                                                            000021
100000 000000000000 00090345100325490REGTIT29336193105710     0002020000005969625700000000002N           2  02000596962528021900000000135000000000099N070119000000000000000090000000000000000000000000000000000000000000000100003047856281SUZIANE RAFAELA DA SILVA DO ROSARIO     FREDERICO HOSANA, 1293 D AGULHA (ICOARAC            66811210                                                            000022
100000 000000000000 00090345100325490REGTIT29336245664788     0002020000005950018200000000002N           2  02000595001801031900000000108330000000099N311018000000000000000070000000000000000000000000000000000000000000000100070340719427VITORIA  WILLIANE   SALES  LOPES        RUA  DA  PERCEVERANÇA, N 10 DOM  AVELAR             56300000                                                            000023
100000 000000000000 00090345100325490REGTIT29336824625726     0002020000005928103000000000002N           2  02000592810328021900000000083750000000099N220818000000000000000060000000000000000000000000000000000000000000000100007498341450GEISA  DANIELA  LIMA  DOS  SANTOS       RUA   DO  SITIO, N 250 PORTO  DE  PALHA             56300000                                                            000024
100000 000000000000 00090345100325490REGTIT29337210859060     0002020000005959640600000000002N           2  02000595964007021900000000175000000000099N301118000000000000000120000000000000000000000000000000000000000000000100004761605960LUCAS BALAN                             EQUADOR, 117 JARDIM VITORIA CAMBE PR                86182135                                                            000025
100000 000000000000 00090345100325490REGTIT29337733981054     0002020000005968326000000000002N           2  02000596832610031900000000051700000000099N211218000000000000000030000000000000000000000000000000000000000000000100010102971986CAMILA DOS SANTOS FERBONI               MACHADO DE ASSIS, 923 CENTRO OURIZONA PR            87170000                                                            000026
100000 000000000000 00090345100325490REGTIT29337987976032     0002020000005949878100000000002N           2  02000594987828021900000000186670000000099N311018000000000000000120000000000000000000000000000000000000000000000100079062296300MARINEIDE  MARIA  LOPES  VASQUES        RUA 51, N 37 JOAO DE DEUS PETROLINA  PE             56300000                                                            000027
100000 000000000000 00090345100325490REGTIT29338908984507     0002020000005918072200000000002N           2  02000591807220021900000000158000000000099N190718000000000000000110000000000000000000000000000000000000000000000100092701680859IVANILDA MARIA DA COSTA                 CEARA, 560 VILA BRASIL SANTA BARBARA D O            13451080                                                            000028
9                                                                                                                                                                                                                                                                                                                                                                                                         000029