01REMESSA01COBRANCA       00000000000004852239ISPCN                         237BRADESCO       110319        MX0003000                                                                                                                                                                                                                                                                                     000001
100000 000000000000 00090345100325490REGTIT30001181152889     0002020000005928604000000000002N           2  02000592860420021900000000170000000000099N250818000000000000000110000000000000000000000000000000000000000000000100028361131892MARILENE QUEIROZ MASCARANHA             ANTENOR KUERCHE DE MENEZES, 309 RESIDENC            13458715                                                            000002
100000 000000000000 00090345100325490REGTIT30001188030106     0002020000005987166000000000002N           2  01000598716615041900000000039250000000099N110319000000000000000030000000000000000000000000000000000000000000000100059914564968DOMINGAS BARBOSA SANTIAGO               BELA VISTA, 1603 CENTRO OURIZONA PR                 87170000                                                            000003
100000 000000000000 00090345100325490REGTIT30003037814816     0002020000005986584900000000002N           2  02000598658410031900000000460000000000099N040319000000000000000310000000000000000000000000000000000000000000000100086638980882BEATRIZ LEITE F. STENICO                TAMOIOS, 0 JARDIM SAO FRANCISCO SANTA BA            13456081                                                            000004
100000 000000000000 00090345100325490REGTIT30003670124684     0002020000005987168700000000002N           2  01000598716809041900000000187000000000099N110319000000000000000120000000000000000000000000000000000000000000000100012765842884ARLETE CARLOS DA SILVA                  RUA TOCANTINS, 05 SITIO CHAGAS  SAO PAUL            05267000                                                            000005
100000 000000000000 00090345100325490REGTIT30003670124684     0002020000005987169500000000002N           2  01000598716909051900000000187000000000099N110319000000000000000120000000000000000000000000000000000000000000000100012765842884ARLETE CARLOS DA SILVA                  RUA TOCANTINS, 05 SITIO CHAGAS  SAO PAUL            05267000                                                            000006
100000 000000000000 00090345100325490REGTIT30003766294800     0002020000005958606000000000002N           2  02000595860610031900000000040170000000099N241118000000000000000030000000000000000000000000000000000000000000000100059914564968DOMINGAS BARBOSA SANTIAGO               BELA VISTA, 1603 CENTRO OURIZONA PR                 87170000                                                            000007
100000 000000000000 00090345100325490REGTIT30004066200562     0002020000005986208400000000002N           2  01000598620810051900000000560500000000099N270219000000000000000370000000000000000000000000000000000000000000000100007106382990ADRIANA VALENTIM  DOS SANTOS            CECILIA MEIRELES, 27 JD ELIZABETHI CAMBE            86188690                                                            000008
100000 000000000000 00090345100325490REGTIT30004166632402     0002020000005968467400000000002N           2  02000596846710031900000000034800000000099N221218000000000000000020000000000000000000000000000000000000000000000100059914564968DOMINGAS BARBOSA SANTIAGO               BELA VISTA, 1603 CENTRO OURIZONA PR                 87170000                                                            000009
100000 000000000000 00090345100325490REGTIT30004406615652     0002020000005927432800000000002N           2  02000592743201031900000000092860000000099N170818000000000000000060000000000000000000000000000000000000000000000100001122503431MARIA DAS GRACAS SILVA VIANA            RUA: 7, 320 TERRA DO SUL PETROLINA PE               56300000                                                            000010
100000 000000000000 00090345100325490REGTIT30004705574044     0002020000005949626600000000002N           2  02000594962615031900000000198000000000099N291018000000000000000130000000000000000000000000000000000000000000000100045685830807RAISSA FERNANDA BALDO                   VINTE E UM DE FEVEREIRO, 87 CONJUNTO HAB            13453149                                                            000011
100000 000000000000 00090345100325490REGTIT30006183297253     0002020000005987161P00000000002N           2  01000598716115041900000000040540000000099N110319000000000000000030000000000000000000000000000000000000000000000100059914564968DOMINGAS BARBOSA SANTIAGO               BELA VISTA, 1603 CENTRO OURIZONA PR                 87170000                                                            000012
100000 000000000000 00090345100325490REGTIT30006256835518     0002020000005968871800000000002N           2  02000596887101031900000000150000000000099N271218000000000000000100000000000000000000000000000000000000000000000100002862926299JHULIA CAROLINE E SILVA BATISTA         TRAVESSA MANOEL SIQUEIRA, 28 AGUA BOA (O            66843490                                                            000013
100000 000000000000 00090345100325490REGTIT30006654453935     0002020000005987158P00000000002N           2  01000598715812031900000000280000000000099N110319000000000000000190000000000000000000000000000000000000000000000202684430000103ASSOCIACAO DE PAIS E AMIGOS DOS EXCEPCIOFRANCISCO PEDRO DA LUZ, 180 CACIQUE CAND            85140000                                                            000014
100000 000000000000 00090345100325490REGTIT30007673173927     0002020000005977493200000000002N           2  01000597749310051900000000139840000000099N250119000000000000000090000000000000000000000000000000000000000000000100040952053004FRANCISCO DAVI MERELES                  DOUTOR LEOPOLDO GUIMARAES DA CUNHA, 234             84035310                                                            000015
100000 000000000000 00090345100325490REGTIT30007847799079     0002020000005898713400000000002N           2  02000589871321021900000000100000000000099N210518000000000000000070000000000000000000000000000000000000000000000100005662670471JECILENE DOS SANTOS ARAUJO              QUADRA: D, 32 PROJETO N 09 PETROLINA PE             56300000                                                            000016
100000 000000000000 00090345100325490REGTIT30008428726568     0002020000005968548400000000002N           2  02000596854810031900000000180000000000099N241218000000000000000120000000000000000000000000000000000000000000000100061980390568MARIA JOSÉ SILVA CARNEIRO               JORGE JUVENTINO AGUIAR, 0 BL. 30 APTº 24            13450000                                                            000017
100000 000000000000 00090345100325490REGTIT30008437278514     0002020000005959388100000000002N           2  02000595938810031900000000120000000000099N291118000000000000000080000000000000000000000000000000000000000000000100005874358285JESSICA LARISSA MONTEIRO SILVA          DA FELICIDADE, 21 SAO JOAO DO OUTEIRO (O            66840170                                                            000018
100000 000000000000 00090345100325490REGTIT30008838531287     0002020000005960086100000000002N           2  01000596008610051900000000183200000000099N031218000000000000000120000000000000000000000000000000000000000000000100040952053004FRANCISCO DAVI MERELES                  DOUTOR LEOPOLDO GUIMARAES DA CUNHA, 234             84035310                                                            000019
100000 000000000000 00090345100325490REGTIT30008888704996     0002020000005930812500000000002N           2  02000593081210031900000000045420000000099N040918000000000000000030000000000000000000000000000000000000000000000100059914564968DOMINGAS BARBOSA SANTIAGO               BELA VISTA, 1603 CENTRO OURIZONA PR                 87170000                                                            000020
100000 000000000000 00090345100325490REGTIT30009565064195     0002020000005987175P00000000002N           2  01000598717511041900000000220330000000099N110319000000000000000150000000000000000000000000000000000000000000000100000194884163ANA LUCIA NASCIMNETO SOUSA              AVENIDA PERIMETRAL NORTE QUADRA 20 LOTE             77270000                                                            000021
100000 000000000000 00090345100325490REGTIT30009614957749     0002020000005890481600000000002N           2  02000589048110031900000000072000000000099N070518000000000000000050000000000000000000000000000000000000000000000100045685830807RAISSA FERNANDA BALDO                   VINTE E UM DE FEVEREIRO, 87 CONJUNTO HAB            13453149                                                            000022
100000 000000000000 00090345100325490REGTIT30009759584487     0002020000005895551800000000002N           2  02000589555110021900000000120000000000099N080518000000000000000080000000000000000000000000000000000000000000000100002532040467PERPETUA DA CONCEICAO RODRIGUES         RUA: TABULEIRO, 161 SÃO GONÇALO PETROLIN            56300000                                                            000023
9                                                                                                                                                                                                                                                                                                                                                                                                         000024