01REMESSA01COBRANCA       00000000000004852239ISPCN                         237BRADESCO       140319        MX0003035                                                                                                                                                                                                                                                                                     000001
100000 000000000000 00090345100325490REGTIT30351385894959     0002020000005937741000000000002N           2  02000593774110031900000000100000000000099N170918000000000000000070000000000000000000000000000000000000000000000100096307820497MARIA EDILEUZA TELES RODRIGUES          RUA: DO IMPERADOR, 27 VILA MOCÓ PETROLIN            56300000                                                            000002
100000 000000000000 00090345100325490REGTIT30351530753874     0002020000005978991300000000002N           2  02000597899110031900000000095000000000099N080219000000000000000060000000000000000000000000000000000000000000000100012283150272JOSÉ LUIZ LIMA DOS PRAZERES             TRAVESSA CRISTOVAO COLOMBO, 341 PREDIO R            66810000                                                            000003
100000 000000000000 00090345100325490REGTIT30352312986771     0002020000005938310000000000002N           2  02000593831010031900000000100000000000099N200918000000000000000070000000000000000000000000000000000000000000000100009967605553LUIZ  GONZAGA  MUNIZ  DE  FREITAS       RUA  CREMILDA GOMES  DA  SILVA, N 288A J            56300000                                                            000004
100000 000000000000 00090345100325490REGTIT30352726064034     0002020000005931638100000000002N           2  02000593163810031900000000198000000000099N100918000000000000000130000000000000000000000000000000000000000000000100041236224884ANDRÉIA CECILIA PAULENA                 JOSÉ LEITE DE GODOY, 183 CONJUNTO HABITA            13453522                                                            000005
100000 000000000000 00090345100325490REGTIT30353196131512     0002020000005957119500000000002N           2  02000595711910031900000000125000000000099N141118000000000000000080000000000000000000000000000000000000000000000100038627043434MARIA CICERA DE ARAUJO                  RUA DANTAS BARRETO, 272 VILA EDUARDO  PE            56300000                                                            000006
100000 000000000000 00090345100325490REGTIT30353420489550     0002020000005939687300000000002N           2  02000593968710031900000001000000000000099N280918000000000000000670000000000000000000000000000000000000000000000100042189204860GUSTAVO OLIVEIRA DO NASCIMENTO          VIDA NOVA, 156 AP 223 BL E JARDIM MARIA             06764045                                                            000007
100000 000000000000 00090345100325490REGTIT30353429355811     0002020000005940594500000000002N           2  02000594059410031900000000055000000000099N031018000000000000000040000000000000000000000000000000000000000000000100025186109878RAIMUNDO DA SILVA VITORINO              PEDRO CANDIDO RANGEL, 199 PARQUE RESIDEN            13458066                                                            000008
100000 000000000000 00090345100325490REGTIT30353653346105     0002020000005909027800000000002N           2  02000590902713031900000000100000000000099N190618000000000000000070000000000000000000000000000000000000000000000100008646977838MARIA DA CRUZ MACEDO VELOSO             R. ATUCUPE, 342 JARDIM LEÔNIDAS MOREIRA             05792050                                                            000009
100000 000000000000 00090345100325490REGTIT30353672702088     0002020000005931022700000000002N           2  02000593102206031900000000106250000000099N050918000000000000000070000000000000000000000000000000000000000000000100018789196449RAIMUNDA NILA GONCALVES                 ARE: 19, LOTE: 1911 PROJETO MARIA TEREZA            56300000                                                            000010
100000 000000000000 00090345100325490REGTIT30355800848619     0002020000005970156000000000002N           2  02000597015610031900000000300000000000099N100119000000000000000200000000000000000000000000000000000000000000000100033275878840SELMA ALVES SILVA                       ELZA MARINA DOHOCZKI, 84 JARDIM MARIA LU            06770210                                                            000011
100000 000000000000 00090345100325490REGTIT30355960421421     0002020000005918184200000000002N           2  02000591818414021900000000150000000000099N200718000000000000000100000000000000000000000000000000000000000000000100028502833472ANTONIO SEBASTIAO NETO                  01, 70 TERRA DO SUL  PETROLINA  PE                  56300000                                                            000012
100000 000000000000 00090345100325490REGTIT30355994232280     0002020000005977440100000000002N           2  02000597744010031900000000200000000000099N250119000000000000000130000000000000000000000000000000000000000000000100008247757249MARIA MADALENA DOS SANTOS ALMEIDA       TRAVESSA N4, 338 CONJUNTO COHAB CAMPINA             66815610                                                            000013
100000 000000000000 00090345100325490REGTIT30356192525960     0002020000005950809400000000002N           2  02000595080918021900000000166670000000099N071118000000000000000110000000000000000000000000000000000000000000000100052159116220LEONIRA RODRIGUES DE FREITAS            VILA BAMBU, S|N ZONA RURAL  SENADOR JOSE            68360000                                                            000014
100000 000000000000 00090345100325490REGTIT30356429976324     0002020000005970075000000000002N           2  02000597007512031900000000366810000000099N100119000000000000000240000000000000000000000000000000000000000000000100025392913504NAIR LIMA SAMPAIO                       OLIMPIO RODRIGUES DE ARAUJO,  JARDIM MAC            05894390                                                            000015
100000 000000000000 00090345100325490REGTIT30356605596041     0002020000005937399700000000002N           2  02000593739911031900000000033350000000099N140918000000000000000020000000000000000000000000000000000000000000000100053619064415IVANILDE BRIGDA VIEIRA                  RUA D, QUADRA H BLOCO GOGARIM NOVA PETRO            56300000                                                            000016
100000 000000000000 00090345100325490REGTIT30356929052981     0002020000005966180100000000002N           2  02000596618010031900000000034930000000099N101218000000000000000020000000000000000000000000000000000000000000000100010102971986CAMILA DOS SANTOS FERBONI               MACHADO DE ASSIS, 923 CENTRO OURIZONA PR            87170000                                                            000017
100000 000000000000 00090345100325490REGTIT30357026269261     0002020000005930612200000000002N           2  02000593061207031900000000150000000000099N040918000000000000000100000000000000000000000000000000000000000000000100088376044400MARIA  IRANI DA  SILVA  BARBOSA         RUA  25, N 13 RIO  CORRENTE PETROLINA PE            56300000                                                            000018
100000 000000000000 00090345100325490REGTIT30357066102404     0002020000005958242100000000002N           2  02000595824222021900000000168000000000099N221118000000000000000110000000000000000000000000000000000000000000000100005834742688LAZARO RODRIGUES DA SILVA               VITORIO FURLAN, 140 RESIDENCIAL FURLAN S            13451201                                                            000019
100000 000000000000 00090345100325490REGTIT30357171236409     0002020000005949102700000000002N           2  02000594910214031900000000042980000000099N251018000000000000000030000000000000000000000000000000000000000000000100010102971986CAMILA DOS SANTOS FERBONI               MACHADO DE ASSIS, 923 CENTRO OURIZONA PR            87170000                                                            000020
100000 000000000000 00090345100325490REGTIT30357245409972     0002020000005948620100000000002N           2  02000594862007031900000000105560000000099N231018000000000000000070000000000000000000000000000000000000000000000100074746090459FRANCISCO RODRIGUES DA SILVA            RUA 48, 181 JOAO DE DEUS PETROLINA PE               56300000                                                            000021
100000 000000000000 00090345100325490REGTIT30357573239207     0002020000005987503800000000002N           2  02000598750326031900000000104120000000099N110319000000000000000070000000000000000000000000000000000000000000000100057492948468JOSÉ PEREIRA DE SOUZA FILHO             NILTON MACHADO DE BARROS, 43 PARQUE FERN            05889000                                                            000022
100000 000000000000 00090345100325490REGTIT30357580032741     0002020000005951360800000000002N           2  02000595136008031900000000100000000000099N081118000000000000000070000000000000000000000000000000000000000000000100005249620493DURVALINA   PASTORA   MARIA  DA   CONCEIRUA  23, N  78 RIO  CORRENTE PETROLINA P            56300000                                                            000023
100000 000000000000 00090345100325490REGTIT30357734529135     0002020000005987067200000000002N           2  02000598706709041900000000700000000000099N090319000000000000000470000000000000000000000000000000000000000000000100091509483500ZELIA BARBOSA DE ALMEIDA                JOAO BAZZOLI, 73 JARDIM SAINT MORITZ TAB            06787655                                                            000024
100000 000000000000 00090345100325490REGTIT30357807685248     0002020000005969733400000000002N           2  02000596973315031900000001006410000000099N080119000000000000000670000000000000000000000000000000000000000000000100004546311893MARCO ANTONIO DOS SANTOS                NOVE DE JULHO, 1289 AP131 BELA VISTA SAO            01313000                                                            000025
100000 000000000000 00090345100325490REGTIT30358129833419     0002020000005951126500000000002N           2  02000595112610031900000001549320000000099N071118000000000000001030000000000000000000000000000000000000000000000100003460005998VALDECI MOISES DE LIMA                  BENTO CANDIDO DA SILVA, 443 CENTRO ITAMB            86375000                                                            000026
100000 000000000000 00090345100325490REGTIT30358258077965     0002020000005917621000000000002N           2  02000591762110031900000000259000000000099N180718000000000000000170000000000000000000000000000000000000000000000100027985746846FABIANA CRISTINA DA BRAGALIA            CLÁUDIO MANOEL DA COSTA, 99 ROCHELLE II             13450000                                                            000027
100000 000000000000 00090345100325490REGTIT30358349682750     0002020000005984848000000000002N           2  02000598484814031900000000336410000000099N140219000000000000000220000000000000000000000000000000000000000000000100031927090814ADRIANO OLIVEIRA MOTA                   SAO FRANCISCO, 1800 AP141 BL D JARDIM HE            06764290                                                            000028
100000 000000000000 00090345100325490REGTIT30358764992691     0002020000005960546400000000002N           2  02000596054610031900000000260000000000099N051218000000000000000170000000000000000000000000000000000000000000000100027835079860CLAUDIO DA SILVA LIMA                   MARIETA LUPPO RABELLO, 16 VILA SANTA LUC            04940130                                                            000029
100000 000000000000 00090345100325490REGTIT30358769017387     0002020000005916452200000000002N           2  02000591645210031900000000230000000000099N100718000000000000000150000000000000000000000000000000000000000000000100013385275849JOSE CORREA NEVES                       FRANCISCO M. DA SILVA, 100 JARDIM BATAGI            13453076                                                            000030
100000 000000000000 00090345100325490REGTIT30358848540522     0002020000005977603P00000000002N           2  02000597760328021900000000358000000000099N280119000000000000000240000000000000000000000000000000000000000000000100026963854831GISLENE ALMEIDA NOGUEIRA                DOM PEDRO II,  1983 AP 33 BLOCO 6 CENTRO            06401060                                                            000031
100000 000000000000 00090345100325490REGTIT30359174251519     0002020000005979068700000000002N           2  02000597906808031900000000150000000000099N080219000000000000000100000000000000000000000000000000000000000000000100041096667835LAIS FRANCISCA BEZERRA DA SILVA         PALMEIRA D OESTE, 630 PARQUE SANTA TEREZ            06622240                                                            000032
100000 000000000000 00090345100325490REGTIT30359243585637     0002020000005950204500000000002N           2  02000595020401031900000000116670000000099N011118000000000000000080000000000000000000000000000000000000000000000100070955904439DAYLANE FLORIANO LOPES                  QUADRA H, 17 PROJETO N9  PETROLINA PE               56300000                                                            000033
100000 000000000000 00090345100325490REGTIT30359508801756     0002020000005931329300000000002N           2  02000593132906031900000000133350000000099N060918000000000000000090000000000000000000000000000000000000000000000100000823677443ANTONIA LUCIENE DE SOUZA                RUA: 12, 270 VILA DEBORA PETROLINA PE               56300000                                                            000034
9                                                                                                                                                                                                                                                                                                                                                                                                         000035