01REMESSA01COBRANCA       00000000000004852239ISPCN                         237BRADESCO       120319        MX0003013                                                                                                                                                                                                                                                                                     000001
100000 000000000000 00090345100325490REGTIT30131313575717     0002020000005975868600000000002N           2  02000597586815031900000000104700000000099N150119000000000000000070000000000000000000000000000000000000000000000100081678711268LUCILENE DA SILVA FLORENCIO             BELA VISTA, 466 CENTRO OURIZONA PR                  87170000                                                            000002
100000 000000000000 00090345100325490REGTIT30131485140609     0002020000005987665400000000002N           2  01000598766505041900000000350000000000099N120319000000000000000230000000000000000000000000000000000000000000000230581288000104DISTRIBUIDORA DE BEBIDAS IMPERIAL EIRELISANT ANA DO ITARARE, 985 SITIO CERCADO C            81920150                                                            000003
100000 000000000000 00090345100325490REGTIT30131932894127     0002020000005939359900000000002N           2  02000593935915031900000000140000000000099N270918000000000000000090000000000000000000000000000000000000000000000100028694988453BERNADETE DA CRUZ FERREIRA              RUA: CASTRO ALVES, 245 CENTRO  PETROLINA            56300000                                                            000004
100000 000000000000 00090345100325490REGTIT30133374046766     0002020000005965840100000000002N           2  02000596584010031900000000500000000000099N071218000000000000000330000000000000000000000000000000000000000000000100012341386890ANTONIO CARLOS RICCI                    AMERICANA, 462 RESIDENCIAL SAO JOAQUIM S            13452025                                                            000005
100000 000000000000 00090345100325490REGTIT30135310294346     0002020000005969349500000000002N           2  02000596934910031900000000230000000000099N040119000000000000000150000000000000000000000000000000000000000000000100047384735904DIRCIONIL PEREIRA CAMPOS                RICARDO EUGENIO GRAESER, 101 CASA TATUQU            81480135                                                            000006
100000 000000000000 00090345100325490REGTIT30137269967326     0002020000005975675600000000002N           2  02000597567510031900000000200000000000099N150119000000000000000130000000000000000000000000000000000000000000000100033592643800ANA PAULA AP CAMPOS                     VALENCIA, 155 BL 22 APT 403 JARDIM BERTO            13478779                                                            000007
100000 000000000000 00090345100325490REGTIT30137489471269     0002020000005916804800000000002N           2  02000591680410031900000000200000000000099N120718000000000000000130000000000000000000000000000000000000000000000100028048582864LUCY DALVA DOS SANTOS OLIVEIRA          PROFETA JEREMIAS, 794 LAUDISSE SBO SP               13450000                                                            000008
100000 000000000000 00090345100325490REGTIT30138220110221     0002020000005976523200000000002N           2  02000597652320031900000000120000000000099N210119000000000000000080000000000000000000000000000000000000000000000100056977972220SIMONE DO SOCORRO DA SILVA OLIVEIRA     CORONEL JUVENCIO SARMENTO, 9 CRUZEIRO (I            66810080                                                            000009
100000 000000000000 00090345100325490REGTIT30138478748641     0002020000005975984400000000002N           2  02000597598405031900000000286670000000099N160119000000000000000190000000000000000000000000000000000000000000000100001353913260NATHASKA LORRANA SANTIAGO DA ROCHA      QUINZE DE AGOSTO, 249 ALAMEDA JOINVILLE             66810070                                                            000010
100000 000000000000 00090345100325490REGTIT30138606999789     0002020000005969887P00000000002N           2  02000596988709031900000000100000000000099N090119000000000000000070000000000000000000000000000000000000000000000100047384735904DIRCIONIL PEREIRA CAMPOS                RICARDO EUGENIO GRAESER, 101 CASA TATUQU            81480135                                                            000011
100000 000000000000 00090345100325490REGTIT30138701121927     0002020000005960678900000000002N           2  02000596067806031900000000163330000000099N061218000000000000000110000000000000000000000000000000000000000000000100074359878249DEREK FABIO DOS SANTOS BENTES           JULIO GOMES, 439 CAMPINA DE ICOARACI (IC            66813050                                                            000012
100000 000000000000 00090345100325490REGTIT30138716869776     0002020000005975706P00000000002N           2  02000597570610031900000000220000000000099N150119000000000000000150000000000000000000000000000000000000000000000100010480099200MARIA NATALINA DA SILVA OLIVEIRA        ENEAS COSTA (JD NOVA ESPERANCA), 30 Q 22            67120405                                                            000013
100000 000000000000 00090345100325490REGTIT30138872813367     0002020000005949690800000000002N           2  02000594969028021900000000340000000000099N291018000000000000000230000000000000000000000000000000000000000000000100040225348934MARIA NATALINA DE LIZ                   CAMPO NOVO, 0 CASA CAMPO NOVO CAMPO MAGR            83535000                                                            000014
100000 000000000000 00090345100325490REGTIT30139002612626     0002020000005966502500000000002N           2  02000596650215031900000000170000000000099N111218000000000000000110000000000000000000000000000000000000000000000100044050763249EUNICE COSTA CALANDRINI                 CACHOEIRA DO ARARI ( CHIPAIA), 00 MARAJO            68840000                                                            000015
100000 000000000000 00090345100325490REGTIT30139723365219     0002020000005979010500000000002N           2  02000597901005031900000000999000000000099N080219000000000000000670000000000000000000000000000000000000000000000100033369128810JOELMA ALMEIDA DOS SANTOS               WERNER GOLDBERG, 77 BLOCO GAIVOTA  AP 26            06414025                                                            000016
100000 000000000000 00090345100325490REGTIT30139784947323     0002020000005976585200000000002N           2  02000597658510031900000000376670000000099N210119000000000000000250000000000000000000000000000000000000000000000100000398651264ANDRESSA BIANCA MATOS GOMES             CORONEL JUVENCIO SARMENTO, 1274 PONTA GR            66812490                                                            000017
9                                                                                                                                                                                                                                                                                                                                                                                                         000018