01REMESSA01COBRANCA       00000000000004852239ISPCN                         237BRADESCO       250319        MX0003111                                                                                                                                                                                                                                                                                     000001
100000 000000000000 00090345100325490REGTIT31111158581185     0002020000005995417500000000002N           2  01000599541715041900000000250000000000099N250319000000000000000170000000000000000000000000000000000000000000000100095643109115ANDERSON ALVES DOS SANTOS               RUA JACINTO MAXIMO GOMES, 912 ISABEL GAR            79013640                                                            000002
100000 000000000000 00090345100325490REGTIT31111158581185     0002020000005995418300000000002N           2  01000599541815051900000000250000000000099N250319000000000000000170000000000000000000000000000000000000000000000100095643109115ANDERSON ALVES DOS SANTOS               RUA JACINTO MAXIMO GOMES, 912 ISABEL GAR            79013640                                                            000003
100000 000000000000 00090345100325490REGTIT31112059191755     0002020000005985834600000000002N           2  02000598583408041900000002175290000000099N230219000000000000001450000000000000000000000000000000000000000000000100040117158836HORACIA GODINHO DA SILVA CARDOSO        ANTONIO LINDORIO PINTO, 154 SENHORINHA J            06950000                                                            000004
100000 000000000000 00090345100325490REGTIT31113323095403     0002020000005930806000000000002N           2  02000593080601031900000000108350000000099N040918000000000000000070000000000000000000000000000000000000000000000100001102568406EDINEZ GOMES DE BARROS CARVALHO         RUA:32, N:369 JOÃO DE DEUS PETROLINA PE             56300000                                                            000005
100000 000000000000 00090345100325490REGTIT31114874820121     0002020000005977743500000000002N           2  02000597774312031900000000089000000000099N290119000000000000000060000000000000000000000000000000000000000000000100012382509805IVETE SOUZA LIMA FERNANDES              ALFEU SCHIMIDT BL P APT 12, 221 PLANALTO            13453833                                                            000006
100000 000000000000 00090345100325490REGTIT31114902052688     0002020000005968221300000000002N           2  02000596822122031900000000260000000000099N201218000000000000000170000000000000000000000000000000000000000000000100017151800894LUZIA TEREZINHA VITTI DE MORAES         PERU, 358 JARDIM SARTORI SANTA BARBARA D            13450197                                                            000007
100000 000000000000 00090345100325490REGTIT31115260507149     0002020000005977437100000000002N           2  02000597743725031900000000047400000000099N250119000000000000000030000000000000000000000000000000000000000000000100005036597974VALDIRENE LOPES DE SOUZA                IBIRAPITANGA, 0 FAZENDA BURITI CENTRO MA            87170000                                                            000008
100000 000000000000 00090345100325490REGTIT31115303618845     0002020000005966751600000000002N           2  02000596675120031900000000250000000000099N121218000000000000000170000000000000000000000000000000000000000000000100051845199987JOSE CARLOS ALVES                       HENRIQUE BRUDECK, 469 CASA VILA SAO CRIS            83305345                                                            000009
100000 000000000000 00090345100325490REGTIT31115683803140     0002020000005960707600000000002N           2  02000596070728021900000000100000000000099N061218000000000000000070000000000000000000000000000000000000000000000100094358222234NELMA REGINA RAMOS DOS SANTOS           RIO CARACARA (CACHOEIRA DO ARARI), 00 MA            68840000                                                            000010
100000 000000000000 00090345100325490REGTIT31115683803140     0002020000005960708400000000002N           2  02000596070830031900000000100000000000099N061218000000000000000070000000000000000000000000000000000000000000000100094358222234NELMA REGINA RAMOS DOS SANTOS           RIO CARACARA (CACHOEIRA DO ARARI), 00 MA            68840000                                                            000011
100000 000000000000 00090345100325490REGTIT31115712640823     0002020000005969109300000000002N           2  02000596910925031900000000145000000000099N281218000000000000000100000000000000000000000000000000000000000000000100007027799383AMANDA COSTA DE OLIVEIRA                DO CRUZEIRO, 5 CRUZEIRO  BELEM  PA                  66810010                                                            000012
100000 000000000000 00090345100325490REGTIT31115788745184     0002020000005978012600000000002N           2  02000597801220031900000000125000000000099N310119000000000000000080000000000000000000000000000000000000000000000100002356296263DALVAENILDE RAMOS FILHA DE MIRANDA      CACHOEIRA DO ARARI, 000 CACHOEIRA DO ARA            68840000                                                            000013
100000 000000000000 00090345100325490REGTIT31115882065006     0002020000005978094000000000002N           2  02000597809403031900000000571800000000099N310119000000000000000380000000000000000000000000000000000000000000000100003443931944SILVIA DOS SANTOS                       ELOINA RIBAS BASTOS, 218 CASA COSTEIRA S            83015160                                                            000014
100000 000000000000 00090345100325490REGTIT31118999967980     0002020000005978108400000000002N           2  02000597810828041900000000200000000000099N010219000000000000000130000000000000000000000000000000000000000000000100005744970215ALCINDO TELES DA SILVA                  PRESIDENTE CASTELO BRANCO, 725 TAPANA (I            66825070                                                            000015
9                                                                                                                                                                                                                                                                                                                                                                                                         000016