01REMESSA01COBRANCA       00000000000004972103WC SISTEMAS E EQUIPAMENTOS DE 237BRADESCO       150319        MX0002632                                                                                                                                                                                                                                                                                     000001
100000 000000000000 00090345100240370REGTIT2632996953774798   0002020090005993312800000000002N           2  01996953774721031900000000988850000000099N150319000000000000001480000000000000000000000000000000000000000000000211071567000175ECOPARQUE RECANTO SERTANEJO LTDA ME     RUA EMERSON GREBOGE, 2433                           83085480                                                            000002
9                                                                                                                                                                                                                                                                                                                                                                                                         000003