01REMESSA01COBRANCA       00000000000004852239ISPCN                         237BRADESCO       200319        MX0003075                                                                                                                                                                                                                                                                                     000001
100000 000000000000 00090345100325490REGTIT30751270254829     0002020000005993937000000000002N           2  01000599393720041900000001175920000000099N200319000000000000000780000000000000000000000000000000000000000000000100037655775885JORGE DONATO MOTA                       WILSON, 99 A PARAISOPOLIS SAO PAULO SP              05665030                                                            000002
100000 000000000000 00090345100325490REGTIT30751477506918     0002020000005969674500000000002N           2  01000596967408051900000000071990000000099N080119000000000000000050000000000000000000000000000000000000000000000100005610096944RAQUEL NOEMIR NASCIMENTO GONCALVES      RUA LINDOLFO LUIZ BOELL, 129 CASA 2 CACH            83708410                                                            000003
100000 000000000000 00090345100325490REGTIT30751716776163     0002020000005993837400000000002N           2  01000599383719051900000000131240000000099N190319000000000000000090000000000000000000000000000000000000000000000100047364874100FRANCISCA SALVADORA PEREIRA DA SILVA    QR 615 CONJ 03 CS, 11 SAMAMBAIA NORTE SA            72331800                                                            000004
100000 000000000000 00090345100325490REGTIT30752072711297     0002020000005993934600000000002N           2  01000599393420041900000002427000000000099N200319000000000000001620000000000000000000000000000000000000000000000100014283812870JOSE NILTON TEIXEIRA DE ARAUJO          ANTÔNIO PEREIRA DE SÁ, 905 JARDIM AURÉLI            05857210                                                            000005
100000 000000000000 00090345100325490REGTIT30752250646269     0002020000005968480100000000002N           2  02000596848028021900000000503750000000099N221218000000000000000340000000000000000000000000000000000000000000000100049832079888GABRIEL LEITE DA SILVA                  MARIA HENRIQUETA INACIO BAPTISTA, 315 JA            06775151                                                            000006
100000 000000000000 00090345100325490REGTIT30752250646269     0002020000005968481P00000000002N           2  02000596848130031900000000503750000000099N221218000000000000000340000000000000000000000000000000000000000000000100049832079888GABRIEL LEITE DA SILVA                  MARIA HENRIQUETA INACIO BAPTISTA, 315 JA            06775151                                                            000007
100000 000000000000 00090345100325490REGTIT30752258713220     0002020000005978983200000000002N           2  02000597898315031900000000188330000000099N070219000000000000000130000000000000000000000000000000000000000000000100061853712272CLAUDIA SENA REIS                       TRAVESSA N5, 397 A CAMPINA DE ICOARACI B            66813750                                                            000008
100000 000000000000 00090345100325490REGTIT30752465538808     0002020000005985476600000000002N           2  01000598547619051900000000350720000000099N190219000000000000000230000000000000000000000000000000000000000000000207497924000194RETROLODI                               CAVALHADA, 6404 IPANEMA PORTO ALEGRE RS             91751831                                                            000009
100000 000000000000 00090345100325490REGTIT30752929483014     0002020000005986062600000000002N           2  02000598606210031900000000243000000000099N260219000000000000000160000000000000000000000000000000000000000000000100087648202972CELIA REGINA PAUL                       NELSON DEIP, 232 CIDADE INDUSTRIAL CURIT            81170050                                                            000010
100000 000000000000 00090345100325490REGTIT30753383348236     0002020000005993925700000000002N           2  01000599392508041900000000250000000000099N190319000000000000000420000000000000000000000000000000000000000000000218747943000148TRIPOX PINTURA ELETROSTATICA            NICARAGUA, 932 CAMPO PEQUENO COLOMBO PR             83404680                                                            000011
100000 000000000000 00090345100325490REGTIT30753479793253     0002020000005900251400000000002N           2  02000590025128021900000000085000000000099N290518000000000000000060000000000000000000000000000000000000000000000100002160796409GRACIANE PEREIRA DE ARAUJO              RUA:JADE, N:570 PEDRA LINDA PETROLINA PE            56300000                                                            000012
100000 000000000000 00090345100325490REGTIT30753805308908     0002020000005969876400000000002N           2  02000596987610031900000000148000000000099N090119000000000000000100000000000000000000000000000000000000000000000100078752434915ELIANA MARIANO DE OLIVEIRA              VENCESLAU BRAZ, 145 CONJUNTO HABITACIONA            13453189                                                            000013
100000 000000000000 00090345100325490REGTIT30754110509864     0002020000005976285300000000002N           2  01000597628519051900000000400000000000099N190119000000000000000270000000000000000000000000000000000000000000000100016435953856ROBSON FERNANDES                        ANA MIRANDA DE LOURENÇO, 305 ARAÇOIABINH            18190000                                                            000014
100000 000000000000 00090345100325490REGTIT30754131190669     0002020000005969803900000000002N           2  02000596980308031900000000141670000000099N080119000000000000000090000000000000000000000000000000000000000000000100025801296859OSCAR SILGUEIRA FREIRE                  DEZESSETE, 135 PQ DO CAFE UM MONTE MOR S            13190000                                                            000015
100000 000000000000 00090345100325490REGTIT30754176255745     0002020000005993929P00000000002N           2  01000599392919041900000000225000000000099N190319000000000000000150000000000000000000000000000000000000000000000212758984000153GRUPO BOND                              R GUILHERME SOCHER, 50 ROCA GRANDE COLOM            83402400                                                            000016
100000 000000000000 00090345100325490REGTIT30754388954684     0002020000005993928100000000002N           2  01000599392813041900000000212500000000099N190319000000000000000350000000000000000000000000000000000000000000000218267242000101GCOR TINTAS E  VERNIZES                 ANTONIO SETIM, 63 AGUAS BELAS SAO JOSE D            83040570                                                            000017
100000 000000000000 00090345100325490REGTIT30754442066753     0002020000005975571700000000002N           2  01000597557119051900000000055000000000099N140119000000000000000090000000000000000000000000000000000000000000000100008225332946LEONINA SILVA SANTOS                    EMERSON GREBOGE, S|n COLONIA MURICI SAO             83085480                                                            000018
100000 000000000000 00090345100325490REGTIT30754477991142     0002020000005900858P00000000002N           2  02000590085810031900000000179400000000099N020618000000000000000120000000000000000000000000000000000000000000000100020513409866ADRIANA MARTINS SALGADO                 EST SÃO FRANCISCO, 1041  AP 233 BL B JD             06764290                                                            000019
100000 000000000000 00090345100325490REGTIT30754660702165     0002020000005968150000000000002N           2  02000596815011031900000000277000000000099N201218000000000000000180000000000000000000000000000000000000000000000100025801296859OSCAR SILGUEIRA FREIRE                  DEZESSETE, 135 PQ DO CAFE UM MONTE MOR S            13190000                                                            000020
100000 000000000000 00090345100325490REGTIT30754787624126     0002020000005976263200000000002N           2  01000597626319051900000000140000000000099N190119000000000000000090000000000000000000000000000000000000000000000100096866128587CLEIDE SILVA DE SOUZA                   ANISIO LOPES DE CARVALHO, 0 CASA CENTRO             47900000                                                            000021
100000 000000000000 00090345100325490REGTIT30754861787478     0002020000005958569200000000002N           2  02000595856910031900000000060000000000099N241118000000000000000040000000000000000000000000000000000000000000000100046761489920JOAO CORREIA                            ATLAS, 940 CENTRO OURIZONA PR                       87170000                                                            000022
100000 000000000000 00090345100325490REGTIT30754935714366     0002020000005993926500000000002N           2  01000599392608041900000000450000000000099N190319000000000000000300000000000000000000000000000000000000000000000278365566000104ZINCOPAR GALVANIZACAO FERRO GERAL LTDA  ,  CAJURU CURITIBA PR                               82930240                                                            000023
100000 000000000000 00090345100325490REGTIT30754935714366     0002020000005993927300000000002N           2  01000599392715041900000000450000000000099N190319000000000000000300000000000000000000000000000000000000000000000278365566000104ZINCOPAR GALVANIZACAO FERRO GERAL LTDA  ,  CAJURU CURITIBA PR                               82930240                                                            000024
100000 000000000000 00090345100325490REGTIT30755136614425     0002020000005985317400000000002N           2  01000598531719051900000000099670000000099N190219000000000000000070000000000000000000000000000000000000000000000100006958435249ATAIDE DA SILVA SANTOS                  RODOVIA MOURA CARVALHO KL 3 BOA ESPERANC            68447000                                                            000025
100000 000000000000 00090345100325490REGTIT30755221088818     0002020000005928239800000000002N           2  02000592823923021900000000108330000000099N230818000000000000000070000000000000000000000000000000000000000000000100024847344847GERLANDIO VIEIRA DE FREITAS             SAO LAZARO GLEBA 03 CASA 03 NUMERO 353,             72700000                                                            000026
100000 000000000000 00090345100325490REGTIT30755784366826     0002020000005985490100000000002N           2  01000598549019051900000000187810000000099N190219000000000000000130000000000000000000000000000000000000000000000100040952053004FRANCISCO DAVI MERELES                  DOUTOR LEOPOLDO GUIMARAES DA CUNHA, 234             84035310                                                            000027
100000 000000000000 00090345100325490REGTIT30756070242929     0002020000005968128400000000002N           2  01000596812819051900000000060000000000099N201218000000000000000100000000000000000000000000000000000000000000000100004749827932ADRIELE FERNANDES WILDNER               FREDERICH NITZE, 528 ARISTOCRATA S. JOSE            83010110                                                            000028
100000 000000000000 00090345100325490REGTIT30756122313481     0002020000005986368400000000002N           2  01000598636819051900000000720380000000099N280219000000000000000480000000000000000000000000000000000000000000000209095493000165RADIKAL MOTO PECAS                      R LIBIA, 193 BRCAO: 04 PINEVILLE PINHAIS            83320020                                                            000029
100000 000000000000 00090345100325490REGTIT30756321765151     0002020000005948811500000000002N           2  02000594881110031900000000100000000000099N241018000000000000000070000000000000000000000000000000000000000000000277624476000128IGREJA PENTECOSTAL UNIDA DO BRASIL DISTRR JOSE LOURENÇO PINTO, 48 - IGREJA,  PON            83209300                                                            000030
100000 000000000000 00090345100325490REGTIT30756394324290     0002020000005986378100000000002N           2  02000598637813031900000000300000000000099N280219000000000000000200000000000000000000000000000000000000000000000208915481000177ASTEMETAL                               ,  CAJURU CURITIBA PR                               82930240                                                            000031
100000 000000000000 00090345100325490REGTIT30756508886838     0002020000005993810200000000002N           2  01000599381019051900000001090000000000099N190319000000000000000730000000000000000000000000000000000000000000000100029595303810MAIRA FERNANDA DA SILVA DE ALMEIDA      PAULO PORTINANN, 183 NUCLEO RESIDENCIAL             06780170                                                            000032
100000 000000000000 00090345100325490REGTIT30757210143030     0002020000005993673800000000002N           2  01000599367319051900000000249860000000099N190319000000000000000170000000000000000000000000000000000000000000000100033367151807DORANEI BENTO DA SILVA                  PRIMEIRO DE MAIO (VL S PEDRO), 14 MONTAN            09784375                                                            000033
100000 000000000000 00090345100325490REGTIT30757314954917     0002020000005969359200000000002N           2  02000596935915031900000000594500000000099N040119000000000000000400000000000000000000000000000000000000000000000100003219327141JULIANA OLIVEIRA DOS SANTOS             QUADRA 09 LOTE, 24  JARDIM BRASILIA AGUA            72915009                                                            000034
100000 000000000000 00090345100325490REGTIT30757470103200     0002020000005993685100000000002N           2  01000599368519051900000000224500000000099N190319000000000000000150000000000000000000000000000000000000000000000100022145650865MARCIO FERREIRA                         DOM PEDRO DE ALCANTARA (VL S PEDRO), 320            09784000                                                            000035
100000 000000000000 00090345100325490REGTIT30757509158137     0002020000005993935400000000002N           2  01000599393522041900000000272500000000099N200319000000000000000180000000000000000000000000000000000000000000000225096562000101M.M.S LOCAÇÕES E TURISMO-ME             PADRE FRANCISCO MARIA TALLES, 95 SALA 01            28860000                                                            000036
100000 000000000000 00090345100325490REGTIT30757511923271     0002020000005985043400000000002N           2  02000598504320031900000000230000000000099N160219000000000000000150000000000000000000000000000000000000000000000100028950007860SARA QUEIROZ RIBEIRO FELICIANO          ORLANDO CERCHIARE, 105 JARDIM VILA RICA             13453255                                                            000037
100000 000000000000 00090345100325490REGTIT30757764038712     0002020000005976362000000000002N           2  01000597636219051900000000175350000000099N190119000000000000000120000000000000000000000000000000000000000000000100001561623180CLEBSON DE JESUS                        QUADRA 106 CONJUNTO A LOTE, 42 CS 03 PAR            72925156                                                            000038
100000 000000000000 00090345100325490REGTIT30757839707301     0002020000005928827200000000002N           2  02000592882725031900000000118750000000099N270818000000000000000080000000000000000000000000000000000000000000000100091397723149MADALENA  LAURA  DA  SILVA              RUA  48, N 260 JOAO  DE  DEUS PETROLINA             56300000                                                            000039
100000 000000000000 00090345100325490REGTIT30757914954589     0002020000005985493600000000002N           2  01000598549319051900000000075000000000099N190219000000000000000100000000000000000000000000000000000000000000000100003805935307ISMAEL VICENTE SILAS SANTOS             RUA BENEDITO SILVESTRE DE TOLEDO QD 11 L            74970000                                                            000040
100000 000000000000 00090345100325490REGTIT30757998291216     0002020000005993930300000000002N           2  01000599393022041900000000247500000000099N200319000000000000000170000000000000000000000000000000000000000000000225096562000101M.M.S LOCAÇÕES E TURISMO-ME             PADRE FRANCISCO MARIA TALLES, 95 SALA 01            28860000                                                            000041
100000 000000000000 00090345100325490REGTIT30758000229870     0002020000005993786600000000002N           2  01000599378619051900000000133820000000099N190319000000000000000090000000000000000000000000000000000000000000000100010451950909JULIANE DO CARMO DA CRUZ                RUA ESTEVAM DE SOUZA NETTO, 25 CARA-CARA            84036808                                                            000042
100000 000000000000 00090345100325490REGTIT30758006771728     0002020000005993924900000000002N           2  01000599392407041900000000425000000000099N190319000000000000000710000000000000000000000000000000000000000000000218267242000101GCOR TINTAS E  VERNIZES                 ANTONIO SETIM, 63 AGUAS BELAS SAO JOSE D            83040570                                                            000043
100000 000000000000 00090345100325490REGTIT30758560172422     0002020000005968139P00000000002N           2  01000596813919051900000000060000000000099N201218000000000000000100000000000000000000000000000000000000000000000100005112750995VIVIANE RODRIGUES DA SILVA              EMERSON GREBOGE, 01 COLONIA MURICI SAO J            83085480                                                            000044
100000 000000000000 00090345100325490REGTIT30758724191395     0002020000005918218000000000002N           2  01000591821819051900000000100000000000099N200718000000000000000070000000000000000000000000000000000000000000000100072898909491DALVANIA JOANA DA CONCEICAO             RUA: 02, 24 ASSENTAMENTO AGUA VIVA PETRO            56300000                                                            000045
100000 000000000000 00090345100325490REGTIT30758864709374     0002020000005985201100000000002N           2  02000598520118031900000000201750000000099N180219000000000000000130000000000000000000000000000000000000000000000100010244805938CLEYTON MONTOLI                         JACKSON LUIZ PAVIN, 236 CASA 02 ROCA GRA            83402194                                                            000046
100000 000000000000 00090345100325490REGTIT30759311596279     0002020000005948127700000000002N           2  01000594812719051900000000195830000000099N191018000000000000000130000000000000000000000000000000000000000000000100040582584892SABRINA VILLACA SAMPAIO SANTOS          PLANALTO, 239 JARDIM SANTO EDUARDO EMBU             06823500                                                            000047
100000 000000000000 00090345100325490REGTIT30759368178264     0002020000005957650200000000002N           2  01000595765019051900000000094970000000099N191118000000000000000060000000000000000000000000000000000000000000000100081678711268LUCILENE DA SILVA FLORENCIO             BELA VISTA, 466 CENTRO OURIZONA PR                  87170000                                                            000048
100000 000000000000 00090345100325490REGTIT30759627254414     0002020000005993932P00000000002N           2  01000599393220041900000000250000000000099N200319000000000000000170000000000000000000000000000000000000000000000100011129750809JOSE DE SOUSA OLIVEIRA                  SERRA DO PILAR, 5 AP 92 BL 7 JARDIM MACE            05894420                                                            000049
100000 000000000000 00090345100325490REGTIT30759638299706     0002020000005918793P00000000002N           2  02000591879320021900000000108000000000099N250718000000000000000070000000000000000000000000000000000000000000000100008637533884JAIRA CARLOS                            MARIO DANIEL, 80 ROCHELLE II SANTA BARBA            13450000                                                            000050
100000 000000000000 00090345100325490REGTIT30759841237668     0002020000005976350700000000002N           2  01000597635019051900000000035760000000099N190119000000000000000020000000000000000000000000000000000000000000000100008316241919TAISE PATRICIA DA SILVA                 AVENIDA 15DE NOVEMBRO, 578 CENTRO OURIZO            87170000                                                            000051
100000 000000000000 00090345100325490REGTIT30759980929208     0002020000005950991000000000002N           2  02000595099110031900000000080000000000099N071118000000000000000050000000000000000000000000000000000000000000000100084476710972LUCIANE MARIA SAUER                     BUGAVILE, 245 EUCALIPTOS III FAZENDA RIO            83820000                                                            000052
9                                                                                                                                                                                                                                                                                                                                                                                                         000053