01REMESSA01COBRANCA       00000000000004852239ISPCN                         237BRADESCO       220319        MX0003102                                                                                                                                                                                                                                                                                     000001
100000 000000000000 00090345100325490REGTIT31022745207241     0002020000005978529200000000002N           2  02000597852905031900000000148000000000099N050219000000000000000200000000000000000000000000000000000000000000000100072082801853FIRMINA CASEMIRA DA SILVA               JAO QD 36 LT 43, s|n QD 36 LT 43 COLINA             74970000                                                            000002
100000 000000000000 00090345100325490REGTIT31023037380414     0002020000005960093400000000002N           2  02000596009310031900000000150000000000099N031218000000000000000200000000000000000000000000000000000000000000000100027679872864SUELY PEREIRA                           PARANAGUA, 142 CASA AMADOR BUENO ITAPEVI            06680390                                                            000003
100000 000000000000 00090345100325490REGTIT31024162869242     0002020000005977543200000000002N           2  02000597754320031900000000040250000000099N260119000000000000000030000000000000000000000000000000000000000000000100002373067196CINDY ROCHA EUGENIO                     QR615  CONJ10  CASA, 20 NORTE SAMAMBAIA             72331811                                                            000004
100000 000000000000 00090345100325490REGTIT31024207256684     0002020000005994850700000000002N           2  01000599485012041900000000440000000000099N220319000000000000000290000000000000000000000000000000000000000000000100000239581890MIKASA FUKUYAMA ORTIZ                   RUA ITIEI MIYAHIRA, 00 MATA DO JACINTO C            79034140                                                            000005
100000 000000000000 00090345100325490REGTIT31024207256684     0002020000005994851500000000002N           2  01000599485112051900000000440000000000099N220319000000000000000290000000000000000000000000000000000000000000000100000239581890MIKASA FUKUYAMA ORTIZ                   RUA ITIEI MIYAHIRA, 00 MATA DO JACINTO C            79034140                                                            000006
100000 000000000000 00090345100325490REGTIT31024224998003     0002020000005966045700000000002N           2  02000596604507031900000000320000000000099N081218000000000000000430000000000000000000000000000000000000000000000100004139173122JESSICA PEREIRA DE LIMA SENA            RUA 24 QD 15 LT 17, S|N QD15 LT 17 SETOR            74970000                                                            000007
100000 000000000000 00090345100325490REGTIT31025570973298     0002020000005927839000000000002N           2  02000592783920031900000000090000000000099N210818000000000000000060000000000000000000000000000000000000000000000100070817310401GABRIELA  BEZERRA  DA  SILVA            RUA  05, N 120 PORTO  DA  ILHA PETROLINA            56300000                                                            000008
100000 000000000000 00090345100325490REGTIT31026034853003     0002020000005994860400000000002N           2  01000599486020041900000000063300000000099N220319000000000000000040000000000000000000000000000000000000000000000100000474635031KELLY LETICIA CARVALHO DA SILVA         OTÁVIO GONÇALVES, 590 PEDRAS BRANCAS GUA            92500000                                                            000009
100000 000000000000 00090345100325490REGTIT31026034853003     0002020000005994861200000000002N           2  01000599486120051900000000063300000000099N220319000000000000000040000000000000000000000000000000000000000000000100000474635031KELLY LETICIA CARVALHO DA SILVA         OTÁVIO GONÇALVES, 590 PEDRAS BRANCAS GUA            92500000                                                            000010
100000 000000000000 00090345100325490REGTIT31026441697656     0002020000005948451900000000002N           2  02000594845120031900000000081670000000099N221018000000000000000050000000000000000000000000000000000000000000000100000975949896NASCIMENTO  JOSE  DA  SILVA             RUA  17, N  17 QUATI  2 PETROLINA PE                56300000                                                            000011
100000 000000000000 00090345100325490REGTIT31026704749324     0002020000005978364800000000002N           2  02000597836405031900000000262000000000099N040219000000000000000170000000000000000000000000000000000000000000000100026988968172ANAIR XAVIER DE DEUS                    ARACARI, 0 Q 50 LT 14 CASA 2 COLINA AZUL            74909000                                                            000012
100000 000000000000 00090345100325490REGTIT31027021390981     0002020000005986222P00000000002N           2  02000598622227031900000000415000000000099N270219000000000000000550000000000000000000000000000000000000000000000100097840840159RAIMUNDA LACERDA ARAUJO                 RUA 12 QD 18 LT 12, s|n Q15 LT22 INDEPEN            74967100                                                            000013
100000 000000000000 00090345100325490REGTIT31027374686470     0002020000005993444100000000002N           2  02000599344420031900000000799990000000099N180319000000000000000530000000000000000000000000000000000000000000000100071040323120VALDIR COSTA VIEIRA                     QR 415 CONJ 05 CS 29, 29 NORTE BRASILIA             72000000                                                            000014
100000 000000000000 00090345100325490REGTIT31027669070180     0002020000005985508800000000002N           2  02000598550820031900000000071230000000099N200219000000000000000050000000000000000000000000000000000000000000000100002000716962MARIA VICENTE BARBOSA                   QUADRA 2 LOTE 13, LOTE13 BAIXADA DA AREI            87170000                                                            000015
100000 000000000000 00090345100325490REGTIT31029129801856     0002020000005969823300000000002N           2  02000596982320031900000000154000000000099N080119000000000000000100000000000000000000000000000000000000000000000100025482177874NERON GAVIAO                            JOAO TONON, 886 VILA BELA GUARAPUAVA PR             85027050                                                            000016
9                                                                                                                                                                                                                                                                                                                                                                                                         000017