01REMESSA01COBRANCA       00000000000004972103WC SISTEMAS E EQUIPAMENTOS DE 237BRADESCO       260319        MX0002660                                                                                                                                                                                                                                                                                     000001
100000 000000000000 00090345100240370REGTIT26601811038756     0002020000005951906100000000002N           2  04181103875630111800000000327150000000099N091118000000000000000490000000000000000000000000000000000000000010000225005039000122RSF DE OLIVEIRA E CIA LTDA              PRACA PEDRO A. DE TOLEDO, 170                       87640000                                                            000002
100000 000000000000 00090345100240370REGTIT26601812038756     0002020000005961088300000000002N           2  04181203875628121800000000504550000000099N061218000000000000000760000000000000000000000000000000000000000232850225005039000122RSF DE OLIVEIRA E CIA LTDA              PRACA PEDRO A. DE TOLEDO, 170                       87640000                                                            000003
100000 000000000000 00090345100240370REGTIT26601812072148     0002020000005965078800000000002N           2  04181207214828121800000000198200000000099N061218000000000000000300000000000000000000000000000000000000000079900231230874000169STEVAN PAZ BASTOS                       AV MINISTRO JOAO ARINOS, 483                        79040335                                                            000004
100000 000000000000 00090345100240370REGTIT26601901038756     0002020000005970682100000000002N           2  04190103875630011900000000265200000000099N110119000000000000000400000000000000000000000000000000000000000026780225005039000122RSF DE OLIVEIRA E CIA LTDA              PRACA PEDRO A. DE TOLEDO, 170                       87640000                                                            000005
100000 000000000000 00090345100240370REGTIT26601901072148     0002020000005974515000000000002N           2  04190107214830011900000000175200000000099N110119000000000000000260000000000000000000000000000000000000000017690231230874000169STEVAN PAZ BASTOS                       AV MINISTRO JOAO ARINOS, 483                        79040335                                                            000006
100000 000000000000 00090345100240370REGTIT26601902062749     0002020000005980016P00000000002N           2  02190206274928021900000000174800000000099N080219000000000000000260000000000000000000000000000000000000000000000217470656000170FALCON ALARMES LTDA                     RUA CEARA, 450                                      68633000                                                            000007
100000 000000000000 00090345100240370REGTIT26601902072148     0002020000005983219300000000002N           2  04190207214828021900000000099800000000099N080219000000000000000150000000000000000000000000000000000000000005740231230874000169STEVAN PAZ BASTOS                       AV MINISTRO JOAO ARINOS, 483                        79040335                                                            000008
100000 000000000000 00090345100240370REGTIT26601903000073     0002020000005987814200000000002N           2  01190300007329031900000000004950000000099N130319000000000000000010000000000000000000000000000000000000000000000208745918000172WC SISTEMAS E EQUIPAMENTOS DE INFORMATICAVENIDA CANDIDO DE ABREU, 70                        80530000                                                            000009
100000 000000000000 00090345100240370REGTIT26601903000764     0002020000005987821500000000002N           2  01190300076429031900000004682060000000099N130319000000000000007020000000000000000000000000000000000000000000000208745918000172DEPARTAMENTO COMERCIAL CURITIBA         9AV CANDIDO DE ABREU, 70                            80530000                                                            000010
100000 000000000000 00090345100240370REGTIT26601903068347     0002020000005990084900000000002N           2  04190306834729031900000000124900000000099N130319000000000000000190000000000000000000000000000000000000000028500272236060000119AUTO MECANICA AUTO MILAGRE SANTA MARIA LRUA NOVA TIROL, 1750                                83306230                                                            000011
100000 000000000000 00090345100240370REGTIT26601903073242     0002020000005992565500000000002N           2  04190307324229031900000000099800000000099N130319000000000000000150000000000000000000000000000000000000000019900232637755000198ISRAEL COSTA FERREIRA                   AVENIDA SAO PAULO, 575                              18013000                                                            000012
100000 000000000000 00090345100240370REGTIT2660993875695744   0002020090005995643800000000002N           2  01993875695727031900000000855080000000099N260319000000000000001280000000000000000000000000000000000000000000000225005039000122RSF DE OLIVEIRA E CIA LTDA              PRACA PEDRO A. DE TOLEDO, 170                       87640000                                                            000013
9                                                                                                                                                                                                                                                                                                                                                                                                         000014