01REMESSA01COBRANCA       00000000000004972103WC SISTEMAS E EQUIPAMENTOS DE 237BRADESCO       110319        MX0002611                                                                                                                                                                                                                                                                                     000001
100000 000000000000 00090345100240370REGTIT26111902032733     0002020000005979456900000000002N           2  02190203273328021900000000254020000000099N080219000000000000000380000000000000000000000000000000000000000000000211314014000104ANDRE`S CAR MULTIMARCAS LTDA ME         ESTRADA DE ITAPECERICA, 4508                        05858000                                                            000002
100000 000000000000 00090345100240370REGTIT26111902060319     0002020000005979887400000000002N           2  02190206031928021900000000209400000000099N080219000000000000000310000000000000000000000000000000000000000000000221852947000109VIVIANA GONCALVES BROGNI 05761722941    R DORACI ROSA OSORIO, 1025                          88745000                                                            000003
100000 000000000000 00090345100240370REGTIT26111902072786     0002020000005983723300000000002N           2  02190207278628021900000000079900000000099N080219000000000000000120000000000000000000000000000000000000000000000219594187000127PAMELA ELLIS GONCALVES CORREIA          RUA FRANCISCO DE ASSIS PEREIRA MAGALHAES            83800000                                                            000004
9                                                                                                                                                                                                                                                                                                                                                                                                         000005