01REMESSA01COBRANCA       00000000000004852239ISPCN                         237BRADESCO       060319        MX0002968                                                                                                                                                                                                                                                                                     000001
100000 000000000000 00090345100325490REGTIT29681476078993     0002020000005985260700000000002N           2  02000598526011031900000000353200000000099N180219000000000000000240000000000000000000000000000000000000000000000100053155084049CATIA CILENE FONTOURA ARRUDA            LUPICINIO RODRIGUES, 1259 CASA STA RITA             92500000                                                            000002
100000 000000000000 00090345100325490REGTIT29681498764732     0002020000005969856P00000000002N           2  02000596985610031900000000097550000000099N090119000000000000000070000000000000000000000000000000000000000000000100056809840915SUZANA BARRACA                          19 DE NOVEMBRO, 516 CASA CENTRO OURIZONA            87170000                                                            000003
100000 000000000000 00090345100325490REGTIT29681517814658     0002020000005908935000000000002N           2  02000590893510031900000000170000000000099N190618000000000000000110000000000000000000000000000000000000000000000100030691104875SANDRA SOARES OLIVEIRA                  SITIO GRACIANO, 00 PORTAO VERDE SANTO AN            13450000                                                            000004
100000 000000000000 00090345100325490REGTIT29682410532587     0002020000005902058P00000000002N           2  02000590205815021900000000330000000000099N070618000000000000000220000000000000000000000000000000000000000000000100037564791888TAINA KRYSIA G TEIXEIRA                 OSORIO DUQUE ESTRADA, 647 JD BATIGIM SBO            13450000                                                            000005
100000 000000000000 00090345100325490REGTIT29685701403721     0002020000005986624100000000002N           2  01000598662418031900000000491490000000099N060319000000000000000330000000000000000000000000000000000000000000000231135972000117TG EDUCA큐O S/A ,MATRIZ                 RUA VERISSIMO MARQUES, 584 CENTRO SAO JO            83005410                                                            000006
100000 000000000000 00090345100325490REGTIT29685783416827     0002020000005985296800000000002N           2  02000598529605031900000000122670000000099N180219000000000000000080000000000000000000000000000000000000000000000100011687443858MARCOS FRANCISCO DOS SANTOS             RUA SEBASTIAO MALUCELLI, 1200 BL E AP 23            81050270                                                            000007
100000 000000000000 00090345100325490REGTIT29685937259097     0002020000005986622500000000002N           2  01000598662211031900000000189320000000099N060319000000000000000130000000000000000000000000000000000000000000000231135972000117TG EDUCA큐O S/A ,MATRIZ                 RUA VERISSIMO MARQUES, 584 CENTRO SAO JO            83005410                                                            000008
100000 000000000000 00090345100325490REGTIT29686323695911     0002020000005970266400000000002N           2  02000597026605031900000000120000000000099N100119000000000000000080000000000000000000000000000000000000000000000100059067993204ALEXANDRE PANTOJA GON큐LVES             SIQUEIRA MENDES, 594 CRUZEIRO (ICOARACI)            66810050                                                            000009
100000 000000000000 00090345100325490REGTIT29686789416207     0002020000005978079700000000002N           2  02000597807902031900000000196000000000099N310119000000000000000130000000000000000000000000000000000000000000000100029552273234NALVA DO SOCORRO SOUZA DA SILVA         TRAVESSA SAO ROQUE, 974 CRUZEIRO BELEM P            66810020                                                            000010
100000 000000000000 00090345100325490REGTIT29686819945983     0002020000005976766900000000002N           2  02000597676610031900000000560000000000099N220119000000000000000370000000000000000000000000000000000000000000000100011551813874VILMA AP SOARES DA SILVA                PEDRO CANDIDO RANGEL, 183 PARQUE RESIDEN            13458066                                                            000011
100000 000000000000 00090345100325490REGTIT29686928303734     0002020000005978093200000000002N           2  02000597809306031900000000190000000000099N310119000000000000000130000000000000000000000000000000000000000000000100004737842893URIEL DE JESUS SANDINO PEREZ            WILHELM FRIEDRICH LADWIG, 80 JARDIM CLAR            05866170                                                            000012
100000 000000000000 00090345100325490REGTIT29687228241513     0002020000005968489500000000002N           2  02000596848922021900000000032350000000099N221218000000000000000020000000000000000000000000000000000000000000000100006124675978ALESSANDRA DA SILVA FLORENCIO           PARANA, 487 CENTRO OURIZONA PR                      87170000                                                            000013
100000 000000000000 00090345100325490REGTIT29688283395688     0002020000005968882300000000002N           2  02000596888228021900000000350000000000099N271218000000000000000230000000000000000000000000000000000000000000000100005752450268JUCIREMA CONCEI츒 DOS SANTOS           TRAVESSA DO CRUZEIRO, 1296 CRUZEIRO BELE            66810000                                                            000014
100000 000000000000 00090345100325490REGTIT29688853076986     0002020000005986623300000000002N           2  01000598662314031900000000341700000000099N060319000000000000000230000000000000000000000000000000000000000000000231135972000117TG EDUCA큐O S/A ,MATRIZ                 RUA VERISSIMO MARQUES, 584 CENTRO SAO JO            83005410                                                            000015
9                                                                                                                                                                                                                                                                                                                                                                                                         000016