01REMESSA01COBRANCA       00000000000004852239ISPCN                         237BRADESCO       250319        MX0003108                                                                                                                                                                                                                                                                                     000001
100000 000000000000 00090345100325490REGTIT31082755942828     0002020000005995366700000000002N           2  01000599536625041900000000130330000000099N250319000000000000000090000000000000000000000000000000000000000000000100070316945153ROZILDA DE SOUSA LEITE                  QR 415 CONJ 02 LOTE 28 AP 302, 302 SAMAM            72000000                                                            000002
100000 000000000000 00090345100325490REGTIT31083323095403     0002020000005930806000000000002N           2  02000593080601031900000000108350000000099N040918000000000000000070000000000000000000000000000000000000000000000100001102568406EDINEZ GOMES DE BARROS CARVALHO         RUA:32, N:369 JOÃO DE DEUS PETROLINA PE             56300000                                                            000003
100000 000000000000 00090345100325490REGTIT31084874820121     0002020000005977743500000000002N           2  02000597774312031900000000089000000000099N290119000000000000000060000000000000000000000000000000000000000000000100012382509805IVETE SOUZA LIMA FERNANDES              ALFEU SCHIMIDT BL P APT 12, 221 PLANALTO            13453833                                                            000004
100000 000000000000 00090345100325490REGTIT31084902052688     0002020000005968221300000000002N           2  02000596822122031900000000260000000000099N201218000000000000000170000000000000000000000000000000000000000000000100017151800894LUZIA TEREZINHA VITTI DE MORAES         PERU, 358 JARDIM SARTORI SANTA BARBARA D            13450197                                                            000005
100000 000000000000 00090345100325490REGTIT31085683803140     0002020000005960707600000000002N           2  02000596070728021900000000100000000000099N061218000000000000000070000000000000000000000000000000000000000000000100094358222234NELMA REGINA RAMOS DOS SANTOS           RIO CARACARA (CACHOEIRA DO ARARI), 00 MA            68840000                                                            000006
100000 000000000000 00090345100325490REGTIT31085683803140     0002020000005960708400000000002N           2  02000596070830031900000000100000000000099N061218000000000000000070000000000000000000000000000000000000000000000100094358222234NELMA REGINA RAMOS DOS SANTOS           RIO CARACARA (CACHOEIRA DO ARARI), 00 MA            68840000                                                            000007
100000 000000000000 00090345100325490REGTIT31085712640823     0002020000005969109300000000002N           2  02000596910925031900000000145000000000099N281218000000000000000100000000000000000000000000000000000000000000000100007027799383AMANDA COSTA DE OLIVEIRA                DO CRUZEIRO, 5 CRUZEIRO  BELEM  PA                  66810010                                                            000008
100000 000000000000 00090345100325490REGTIT31085788745184     0002020000005978012600000000002N           2  02000597801220031900000000125000000000099N310119000000000000000080000000000000000000000000000000000000000000000100002356296263DALVAENILDE RAMOS FILHA DE MIRANDA      CACHOEIRA DO ARARI, 000 CACHOEIRA DO ARA            68840000                                                            000009
100000 000000000000 00090345100325490REGTIT31088999967980     0002020000005978108400000000002N           2  02000597810828041900000000200000000000099N010219000000000000000130000000000000000000000000000000000000000000000100005744970215ALCINDO TELES DA SILVA                  PRESIDENTE CASTELO BRANCO, 725 TAPANA (I            66825070                                                            000010
100000 000000000000 00090345100325490REGTIT31089790578223     0002020000005995355100000000002N           2  01000599535520041900000000288000000000099N250319000000000000000190000000000000000000000000000000000000000000000100086636979887JOAO RODRIGUES DA SILVA                 MANOEL DE ABREU, 25 VILA LINOPOLIS SANTA            13450457                                                            000011
100000 000000000000 00090345100325490REGTIT31089790578223     0002020000005995356P00000000002N           2  01000599535620051900000000288000000000099N250319000000000000000190000000000000000000000000000000000000000000000100086636979887JOAO RODRIGUES DA SILVA                 MANOEL DE ABREU, 25 VILA LINOPOLIS SANTA            13450457                                                            000012
9                                                                                                                                                                                                                                                                                                                                                                                                         000013