01REMESSA01COBRANCA       00000000000004852239ISPCN                         237BRADESCO       210319        MX0003087                                                                                                                                                                                                                                                                                     000001
100000 000000000000 00090345100325490REGTIT30871429421793     0002020000005930800100000000002N           2  02000593080003031900000000083350000000099N040918000000000000000060000000000000000000000000000000000000000000000100002479075451EDNA DA SILVA NASCIMENTO PAES LADIM     RUA: DO VIOLINO, 211 PORTAL DA CIDADE PE            56300000                                                            000002
100000 000000000000 00090345100325490REGTIT30871833681025     0002020000005949712200000000002N           2  02000594971220031900000000030800000000099N291018000000000000000020000000000000000000000000000000000000000000000100004064111907JOELMA DE OLIVEIRA PINHEIRO             PROJETADA C, 90 HENRIQUE MARTELOSSO CENT            87170000                                                            000003
100000 000000000000 00090345100325490REGTIT30872121493385     0002020000005917511700000000002N           2  02000591751112041900000000105560000000099N170718000000000000000070000000000000000000000000000000000000000000000100034073205404CLEIDE MARIA GOMES                      RUA: RIACHUELO, 250 PALHINHAS PETROLINA             56300000                                                            000004
100000 000000000000 00090345100325490REGTIT30872414223522     0002020000005928959700000000002N           2  02000592895925021900000000158350000000099N270818000000000000000110000000000000000000000000000000000000000000000100059985518420CICERO JOCELMO COSTA DA SILVA           RUA: 17, 36 RIO CORRENTE PETROLINA PE               56300000                                                            000005
100000 000000000000 00090345100325490REGTIT30872842137242     0002020000005994244400000000002N           2  01000599424421041900000001933320000000099N210319000000000000001290000000000000000000000000000000000000000000000100028706653855ROBSON ALVES DA SILVA RAMALHO           PROFESSOR GIANFEDERICO PORTA, 73 CS JARD            05795290                                                            000006
100000 000000000000 00090345100325490REGTIT30873624871480     0002020000005979054700000000002N           2  02000597905410031900000000140000000000099N080219000000000000000090000000000000000000000000000000000000000000000100000568000293SHEILA DOS SANTOS LOPES                 RIO DA SÉ, 00 CACHOEIRA DO ARARI CACHOEI            66840000                                                            000007
100000 000000000000 00090345100325490REGTIT30874031137153     0002020000005949506500000000002N           2  02000594950623021900000000108330000000099N271018000000000000000070000000000000000000000000000000000000000000000100074734377472MARIA DO SOCORRO DOS SANTOS SILVA       RUA: DAS FLORES, 78 AGROVILA MASSANGANO             56300000                                                            000008
100000 000000000000 00090345100325490REGTIT30874129464622     0002020000005978950600000000002N           2  02000597895028031900000000057500000000099N070219000000000000000040000000000000000000000000000000000000000000000100009564468922SONIA BARBOSA SANTIAGO                  INDEPENDENCIA, 0 CENTRO OURIZONA PR                 87170000                                                            000009
100000 000000000000 00090345100325490REGTIT30874516788071     0002020000005994250900000000002N           2  01000599425021041900000002100000000000099N210319000000000000001400000000000000000000000000000000000000000000000100017749444807RENATO MARQUES                          MARIO LATORRE, 116 HENRIQUE CONCEICAO M             00000000                                                            000010
100000 000000000000 00090345100325490REGTIT30874715847186     0002020000005950122700000000002N           2  02000595012203031900000000160000000000099N011118000000000000000110000000000000000000000000000000000000000000000100000884060241VALRINEY RODRIGUES PADILHA              PRIMAVERA, 64 TAPANA (ICOARACI) BELEM PA            66825140                                                            000011
100000 000000000000 00090345100325490REGTIT30874992488047     0002020000005994248700000000002N           2  01000599424821041900000002160000000000099N210319000000000000001440000000000000000000000000000000000000000000000100004701765805ROQUELINA DE JESUS GOMES                DAS CODORNAS, 14 COLONIA (ZONA SUL) SAO             04895190                                                            000012
100000 000000000000 00090345100325490REGTIT30875774402129     0002020000005946843200000000002N           2  02000594684310031900000000100000000000099N101018000000000000000070000000000000000000000000000000000000000000000100021421200406FRANCISCO DIASSIS DE SOUZA              03, 01 VILA VELHA PROJETO N 8 PETROLINA             56300000                                                            000013
100000 000000000000 00090345100325490REGTIT30875774402129     0002020000005946844000000000002N           2  02000594684410041900000000100000000000099N101018000000000000000070000000000000000000000000000000000000000000000100021421200406FRANCISCO DIASSIS DE SOUZA              03, 01 VILA VELHA PROJETO N 8 PETROLINA             56300000                                                            000014
100000 000000000000 00090345100325490REGTIT30875776076929     0002020000005910247000000000002N           2  02000591024727021900000000125000000000099N280618000000000000000080000000000000000000000000000000000000000000000100012728378827ELIANE DE SOUZA SILVA                   RUA: JOSE LOPES DINIZ, 385 VILA MARCELA             56300000                                                            000015
100000 000000000000 00090345100325490REGTIT30875874729487     0002020000005936995700000000002N           2  02000593699506031900000000075000000000099N120918000000000000000050000000000000000000000000000000000000000000000100014585600400JOAO DIAS DA SILVA                      RUA: 02, 298 PEDRO RAIMUNDO PETROLINA PE            56300000                                                            000016
100000 000000000000 00090345100325490REGTIT30875998390143     0002020000005929042000000000002N           2  02000592904205031900000000100000000000099N270818000000000000000070000000000000000000000000000000000000000000000100003460730498MARIA GIRLENE DA SILVA SOARES           RUA: M, 05 PROJETO N 10 PETROLINA PE                56300000                                                            000017
100000 000000000000 00090345100325490REGTIT30876391371749     0002020000005920020000000000002N           2  02000592002028021900000000130000000000099N020818000000000000000090000000000000000000000000000000000000000000000100007927186400FRANCISCA ARTUR DE MELO                 RUA: A, 94 PROJETO N 3 PETROLINA  PE                56300000                                                            000018
100000 000000000000 00090345100325490REGTIT30876492530918     0002020000005950741100000000002N           2  02000595074103031900000000071670000000099N061118000000000000000050000000000000000000000000000000000000000000000100006679506484MARIA DAS DORES DA SILVA                RUA 11, 155 JOAO DE DEUS PETROLINA PE               56300000                                                            000019
100000 000000000000 00090345100325490REGTIT30877054634255     0002020000005937042400000000002N           2  02000593704206031900000000108350000000099N120918000000000000000070000000000000000000000000000000000000000000000100006278946319ALINE CRUZ DO NASCIMENTO                RUA: G, 50 PROJETO C 02 PETROLINA PE                56300000                                                            000020
100000 000000000000 00090345100325490REGTIT30877267735265     0002020000005949576600000000002N           2  02000594957624021900000000128330000000099N291018000000000000000090000000000000000000000000000000000000000000000100053541863315IZIDORIO FRANCISCO DOS REIS             RUA: RIO GRANDE DO SUL, 112 JOSE E MARIA            56300000                                                            000021
100000 000000000000 00090345100325490REGTIT30877454146399     0002020000005994240100000000002N           2  01000599424021041900000005000000000000099N210319000000000000003330000000000000000000000000000000000000000000000100032741949808RODRIGO SILVA DE OLIVEIRA               DECIO QUEIROS TELES, 174 CIDADE JULIA  S            04421090                                                            000022
100000 000000000000 00090345100325490REGTIT30877838470426     0002020000005959126900000000002N           2  02000595912627021900000000112500000000099N271118000000000000000080000000000000000000000000000000000000000000000100002692615409IRACEMA DA SILVA ALVES                  QUADRA D, 01 PROJETO N 10 PETROLINA PE              56300000                                                            000023
100000 000000000000 00090345100325490REGTIT30878255202004     0002020000005994242800000000002N           2  01000599424221041900000001210000000000099N210319000000000000000810000000000000000000000000000000000000000000000100032741949808RODRIGO SILVA DE OLIVEIRA               DECIO QUEIROS TELES, 174 CIDADE JULIA  S            04421090                                                            000024
100000 000000000000 00090345100325490REGTIT30878278069053     0002020000005958868300000000002N           2  02000595886826031900000000029980000000099N261118000000000000000020000000000000000000000000000000000000000000000100004064111907JOELMA DE OLIVEIRA PINHEIRO             PROJETADA C, 90 HENRIQUE MARTELOSSO CENT            87170000                                                            000025
100000 000000000000 00090345100325490REGTIT30878560515749     0002020000005994255P00000000002N           2  01000599425521041900000004304970000000099N210319000000000000002870000000000000000000000000000000000000000000000100015773238829ROBERTO OLIVEIRA BASTOS                 SANTA FELÍCIA, 217 AMERICANÓPOLIS SÃO PA            04408030                                                            000026
100000 000000000000 00090345100325490REGTIT30879050405733     0002020000005899030500000000002N           2  02000589903022021900000000095000000000099N220518000000000000000060000000000000000000000000000000000000000000000100090134583434ISRRAEL DOS SANTOS                      RUA: 15, 05 PROJETO MARIA TEREZA PETROLI            56300000                                                            000027
100000 000000000000 00090345100325490REGTIT30879408521950     0002020000005994246000000000002N           2  01000599424621041900000004105000000000099N210319000000000000002740000000000000000000000000000000000000000000000100000959410538RANAEL RIBEIRO NASCIMENTO               DOUTOR CICERO VIEIRA, 26 JARDIM MARIA SA            05790220                                                            000028
100000 000000000000 00090345100325490REGTIT30879783566784     0002020000005918949500000000002N           2  02000591894923021900000000150000000000099N250718000000000000000100000000000000000000000000000000000000000000000100086833383472VALDEMIR FRANCISCO DA SILVA             RUA: 54, 260 JOAO DE DEUS PETROLINA PE              56300000                                                            000029
9                                                                                                                                                                                                                                                                                                                                                                                                         000030