01REMESSA01COBRANCA       00000000000004852239ISPCN                         237BRADESCO       150319        MX0003046                                                                                                                                                                                                                                                                                     000001
100000 000000000000 00090345100325490REGTIT30461184663118     0002020000005908983000000000002N           2  02000590898319031900000000046970000000099N190618000000000000000030000000000000000000000000000000000000000000000100008867173960GESSICA ALINE CARUZO                    ARITA, 880 CASA CENTRO OURIZONA PR                  87170000                                                            000002
100000 000000000000 00090345100325490REGTIT30461683602192     0002020000005926169200000000002N           2  02000592616925031900000000140000000000099N100818000000000000000190000000000000000000000000000000000000000000000100080639445853EZEQUIEL UZIAS CESAR                    ESTRADA SERRA DO JAIRE, 100 CASA MONTE S            06685399                                                            000003
100000 000000000000 00090345100325490REGTIT30461769723275     0002020000005937884000000000002N           2  02000593788413031900000000095000000000099N180918000000000000000060000000000000000000000000000000000000000000000100002151906450MARIA DO SOCORRO NUNES LIMA             RUA DAS GARDENEAS, 35 DOM MALAN PETROLIN            56300000                                                            000004
100000 000000000000 00090345100325490REGTIT30462808588730     0002020000005985164300000000002N           2  02000598516416031900000000038950000000099N160219000000000000000030000000000000000000000000000000000000000000000100007894933902JAQUELINE MARQUESETTI                   PIONEIROS, 42 CENTRO OURIZONA PR                    87170000                                                            000005
100000 000000000000 00090345100325490REGTIT30462966015744     0002020000005968314700000000002N           2  02000596831420031900000000239000000000099N211218000000000000000160000000000000000000000000000000000000000000000100001535189363ADRIANA BENTO MARTINS                   QUADRA 13 LOTE, 04 CS 04 MANSSOES POR DO            72915475                                                            000006
100000 000000000000 00090345100325490REGTIT30463242628723     0002020000005966619600000000002N           2  02000596661911031900000000059270000000099N111218000000000000000040000000000000000000000000000000000000000000000100008778073960ADAILTON DO NASCIMENTO MENEZES          PIONEIRO MIGUEL ELVIRA, 13 CONJ AMADO OU            87170000                                                            000007
100000 000000000000 00090345100325490REGTIT30463594589676     0002020000005993160400000000002N           2  01000599316015041900000001154000000000099N150319000000000000000770000000000000000000000000000000000000000000000100003637550555RENAEL ALMEIDA BELA                     VIRGÍNIA POLZATO PEREIRA, 279 PARQUE PIN            06766140                                                            000008
100000 000000000000 00090345100325490REGTIT30463952600223     0002020000005957592100000000002N           2  02000595759217031900000000056300000000099N171118000000000000000040000000000000000000000000000000000000000000000100074486837991LUCIMAR FATIMA CALVO                    ARITA, 1530 CENTRO OURIZONA PR                      87170000                                                            000009
100000 000000000000 00090345100325490REGTIT30464610922353     0002020000005897777500000000002N           2  02000589777716031900000000111190000000099N160518000000000000000070000000000000000000000000000000000000000000000100008867173960GESSICA ALINE CARUZO                    ARITA, 880 CASA CENTRO OURIZONA PR                  87170000                                                            000010
100000 000000000000 00090345100325490REGTIT30465044749764     0002020000005946909900000000002N           2  02000594690910031900000000075000000000099N101018000000000000000050000000000000000000000000000000000000000000000100004670697439KEZIA   JUVYANE   ALVES   FERREIRA      RUA  DA  GITIRANA, N 315 AREIA  BRANCA              56300000                                                            000011
100000 000000000000 00090345100325490REGTIT30465185215373     0002020000005957604900000000002N           2  02000595760417031900000000058880000000099N171118000000000000000040000000000000000000000000000000000000000000000100074486837991LUCIMAR FATIMA CALVO                    ARITA, 1530 CENTRO OURIZONA PR                      87170000                                                            000012
100000 000000000000 00090345100325490REGTIT30465878237407     0002020000005938254600000000002N           2  02000593825410031900000000085000000000099N200918000000000000000060000000000000000000000000000000000000000000000100068201079434MARIA DE FATIMA DA CONCEICAO ALVES      RUA 24, 301 PEDRO RAIMUNDO PETROLINA PE             56300000                                                            000013
100000 000000000000 00090345100325490REGTIT30466192004303     0002020000005957598000000000002N           2  02000595759817031900000000056560000000099N171118000000000000000040000000000000000000000000000000000000000000000100074486837991LUCIMAR FATIMA CALVO                    ARITA, 1530 CENTRO OURIZONA PR                      87170000                                                            000014
100000 000000000000 00090345100325490REGTIT30466745799018     0002020000005928984800000000002N           2  02000592898414021900000000095000000000099N270818000000000000000060000000000000000000000000000000000000000000000100002539712410JOSE EDMILSON DE ARAUJO VITORINO        RUA 47, 110 SAO GONCAALO PETROLINA PE               56300000                                                            000015
100000 000000000000 00090345100325490REGTIT30467076723558     0002020000005966467300000000002N           2  02000596646705031900000000145670000000099N111218000000000000000100000000000000000000000000000000000000000000000100045798982904JOAO DO CARMO COSTA                     ANTONIO DUARTE, 318 CARVALHO HENRIQUE BA            86360000                                                            000016
100000 000000000000 00090345100325490REGTIT30467141971617     0002020000005947905100000000002N           2  02000594790517021900000000158330000000099N181018000000000000000110000000000000000000000000000000000000000000000100002132922462MARIA  EMILIA  SANTOS  ARAUJO           RUA  PADRE  FRAGLA, N 370 CENTRO PETROLI            56300000                                                            000017
100000 000000000000 00090345100325490REGTIT30467173717452     0002020000005947651600000000002N           2  02000594765110031900000000091670000000099N161018000000000000000060000000000000000000000000000000000000000000000100031098550463MARIA  DO  CARMO  SILVA                 RUA  RIO  PAJEU, N 84 JOSE  E  MARIA PET            56300000                                                            000018
100000 000000000000 00090345100325490REGTIT30469216660463     0002020000005975932100000000002N           2  02000597593217031900000000062900000000099N160119000000000000000040000000000000000000000000000000000000000000000100074486837991LUCIMAR FATIMA CALVO                    ARITA, 1530 CENTRO OURIZONA PR                      87170000                                                            000019
100000 000000000000 00090345100325490REGTIT30469734086100     0002020000005947101800000000002N           2  02000594710108031900000000265000000000099N111018000000000000000180000000000000000000000000000000000000000000000100069608717434EDINILDA GUIMARAES DE SOUZA             RUA: 29, 50 PROJETO MARIA TEREZA KM 25 P            56300000                                                            000020
100000 000000000000 00090345100325490REGTIT30469897625520     0002020000005976120200000000002N           2  02000597612017031900000000096500000000099N170119000000000000000060000000000000000000000000000000000000000000000100035949651987NELSON PEDRO BATHEKE                    DOMINGOS AGABITO BUDEL, 221 BUTIATUVINHA            82400390                                                            000021
9                                                                                                                                                                                                                                                                                                                                                                                                         000022