01REMESSA01COBRANCA       00000000000004972103WC SISTEMAS E EQUIPAMENTOS DE 237BRADESCO       140319        MX0002626                                                                                                                                                                                                                                                                                     000001
100000 000000000000 00090345100240370REGTIT26261901072212     0002020000005974565700000000002N           2  04190107221230011900000000099800000000099N110119000000000000000150000000000000000000000000000000000000000008140230147430000100ANDRESSA SOUTO THOMAS                   RUA TROPEIROS, 155                                  93224660                                                            000002
100000 000000000000 00090345100240370REGTIT26261902072212     0002020000005983268100000000002N           2  04190207221228021900000000099800000000099N080219000000000000000150000000000000000000000000000000000000000004100230147430000100ANDRESSA SOUTO THOMAS                   RUA TROPEIROS, 155                                  93224660                                                            000003
100000 000000000000 00090345100240370REGTIT26261903069731     0002020000005990508500000000002N           2  04190306973129031900000000134800000000099N130319000000000000000200000000000000000000000000000000000000000025000227767960000138ALEXANDRE CANDIDO DA SILVA              RUA PADRE COLBACCHINI, 227                          82410310                                                            000004
100000 000000000000 00090345100240370REGTIT26261903071187     0002020000005991089500000000002N           2  02190307118729031900000000079900000000099N130319000000000000000120000000000000000000000000000000000000000000000217409876000199ESTACIONAMENTO ORTIGOZA LOBO LTDA ME    AVENIDA JOAO GUALBERTO, 1573                        80030001                                                            000005
100000 000000000000 00090345100240370REGTIT2626996413813129   0002020090005993035800000000002N           2  01996413813125031900000000399000000000099N140319000000000000000600000000000000000000000000000000000000000000000206016146000101ERLICH COMERCIO VAREJISTA DE GAS LTDA - RUA BUENOS AIRES , 412                              83820611                                                            000006
100000 000000000000 00090345100240370REGTIT2626997066596618   0002020090005993034P00000000002N           2  01997066596615031900000000498000000000099N140319000000000000000750000000000000000000000000000000000000000000000222356423000181INOVAR MOVEIS E DIVISORIAS ARTICULADAS  RUA ROGERIO DE SOUZA, 72                            83507252                                                            000007
100000 000000000000 00090345100240370REGTIT2626997228323738   0002020090005993036600000000002N           2  01997228323725031900000000180000000000099N140319000000000000000270000000000000000000000000000000000000000000000231019109000102PEIXARIA CARRARO PESCADOS E FRUTOS  DO MAV. MANOEL RIBAS , 28                               83708695                                                            000008
9                                                                                                                                                                                                                                                                                                                                                                                                         000009