01REMESSA01COBRANCA       00000000000004852239ISPCN                         237BRADESCO       130319        MX0003022                                                                                                                                                                                                                                                                                     000001
100000 000000000000 00090345100325490REGTIT30221618118422     0002020000005979061P00000000002N           2  02000597906110031900000000034730000000099N080219000000000000000020000000000000000000000000000000000000000000000100011816345989FABIO DO VALE DE OLIVEIRA               100 ALQUEIRES,  CENTRO OURIZONA PR                  87170000                                                            000002
100000 000000000000 00090345100325490REGTIT30221971855622     0002020000005987785500000000002N           2  01000598778510041900000000120000000000099N130319000000000000000080000000000000000000000000000000000000000000000100000256359210ANDREIA DUARTE DOS SANTOS               COMUNIDADE SANTA ANA, 00 CACHOEIRA DO AR            68840000                                                            000003
100000 000000000000 00090345100325490REGTIT30221971855622     0002020000005987786300000000002N           2  01000598778610051900000000120000000000099N130319000000000000000080000000000000000000000000000000000000000000000100000256359210ANDREIA DUARTE DOS SANTOS               COMUNIDADE SANTA ANA, 00 CACHOEIRA DO AR            68840000                                                            000004
100000 000000000000 00090345100325490REGTIT30222071190236     0002020000005987792800000000002N           2  01000598779211041900000000114100000000099N130319000000000000000080000000000000000000000000000000000000000000000221185957000120RESTAURANTE VILABELLA                   PRESIDENTE AFFONSO CAMARGO, 1975 LOJA 01            80050370                                                            000005
100000 000000000000 00090345100325490REGTIT30222414906484     0002020000005987791P00000000002N           2  01000598779111041900000000114100000000099N130319000000000000000080000000000000000000000000000000000000000000000221185957000120RESTAURANTE VILABELLA                   PRESIDENTE AFFONSO CAMARGO, 1975 LOJA 01            80050370                                                            000006
100000 000000000000 00090345100325490REGTIT30222424262521     0002020000005939396300000000002N           2  02000593939624021900000000100000000000099N270918000000000000000070000000000000000000000000000000000000000000000100006522824400SHIRLYS KALIANA DA CONCEICAO SILVA      RUA 42, 71 SÃO GONÇALO PETROLINA PE                 56300000                                                            000007
100000 000000000000 00090345100325490REGTIT30223446701615     0002020000005987793600000000002N           2  01000598779313041900000000257000000000099N130319000000000000000170000000000000000000000000000000000000000000000222755408000378LAUBER MENDES JUNIOR RESTAURANTE LTDA   MARECHAL HUMBERTO DE ALENCAR C BRANCO, 2            82530195                                                            000008
100000 000000000000 00090345100325490REGTIT30224444737455     0002020000005984121400000000002N           2  02000598412110031900000000032450000000099N090219000000000000000020000000000000000000000000000000000000000000000100011816345989FABIO DO VALE DE OLIVEIRA               100 ALQUEIRES,  CENTRO OURIZONA PR                  87170000                                                            000009
100000 000000000000 00090345100325490REGTIT30224552956637     0002020000005926733P00000000002N           2  02000592673310031900000000100000000000099N140818000000000000000070000000000000000000000000000000000000000000000100021384363491RAIMUNDO ANTONIO DE SOUZA               RUA: 03, 165 COSME E DAMIAO PETROLINA PE            56300000                                                            000010
100000 000000000000 00090345100325490REGTIT30224654557990     0002020000005948096300000000002N           2  02000594809610041900000000050000000000099N191018000000000000000030000000000000000000000000000000000000000000000100021384363491RAIMUNDO ANTONIO DE SOUZA               RUA: 03, 165 COSME E DAMIAO PETROLINA PE            56300000                                                            000011
100000 000000000000 00090345100325490REGTIT30225701403721     0002020000005986624100000000002N           2  02000598662418031900000000491490000000099N060319000000000000000330000000000000000000000000000000000000000000000231135972000117TG EDUCAÇAO S/A ,MATRIZ                 RUA VERISSIMO MARQUES, 584 CENTRO SAO JO            83005410                                                            000012
100000 000000000000 00090345100325490REGTIT30226765853683     0002020000005956702300000000002N           2  02000595670210031900000000250000000000099N121118000000000000000170000000000000000000000000000000000000000000000100004397398291ULISSES DIAS SIQUEIRA                   SOUZA FRANCO, 2890 ICOARACI BELEM  PA               66811880                                                            000013
100000 000000000000 00090345100325490REGTIT30227899850714     0002020000005976898300000000002N           2  02000597689821021900000000218750000000099N230119000000000000000150000000000000000000000000000000000000000000000208195565000183MERCADO DOURADOS(JULIO)                 AV.ANTONIO NUNES DA ROCHA, 380 RIO PEQUE            83070020                                                            000014
100000 000000000000 00090345100325490REGTIT30228853076986     0002020000005986623300000000002N           2  02000598662314031900000000341700000000099N060319000000000000000230000000000000000000000000000000000000000000000231135972000117TG EDUCAÇAO S/A ,MATRIZ                 RUA VERISSIMO MARQUES, 584 CENTRO SAO JO            83005410                                                            000015
100000 000000000000 00090345100325490REGTIT30229709723898     0002020000005969871300000000002N           2  02000596987110031900000000120000000000099N090119000000000000000080000000000000000000000000000000000000000000000100008092154384JULIANA MARIA BARBOSA DIAS              NOSSA SENHORA DA CONCEICAO, 2 BRASILIA (            66845822                                                            000016
9                                                                                                                                                                                                                                                                                                                                                                                                         000017