01REMESSA01COBRANCA       00000000000004852239ISPCN                         237BRADESCO       130319        MX0003028                                                                                                                                                                                                                                                                                     000001
100000 000000000000 00090345100325490REGTIT30281378174196     0002020000005992767400000000002N           2  01000599276720031900000000069000000000099N130319000000000000000050000000000000000000000000000000000000000000000100023843802149EDGAR CAMILO FERREIRA                   RUA AUTRAN DOURADO, 118 NUCLEO HABITACIO            79071292                                                            000002
100000 000000000000 00090345100325490REGTIT30281378174196     0002020000005992768200000000002N           2  01000599276815041900000000069000000000099N130319000000000000000050000000000000000000000000000000000000000000000100023843802149EDGAR CAMILO FERREIRA                   RUA AUTRAN DOURADO, 118 NUCLEO HABITACIO            79071292                                                            000003
100000 000000000000 00090345100325490REGTIT30281612180512     0002020000005898630800000000002N           2  02000589863018021900000000110000000000099N210518000000000000000070000000000000000000000000000000000000000000000100002699919489FRANCISCO DE JESUS NASCIMENTO           10, 45 SÃO JORGE PETROLINA PE                       56300000                                                            000004
100000 000000000000 00090345100325490REGTIT30281618118422     0002020000005979061P00000000002N           2  02000597906110031900000000034730000000099N080219000000000000000020000000000000000000000000000000000000000000000100011816345989FABIO DO VALE DE OLIVEIRA               100 ALQUEIRES,  CENTRO OURIZONA PR                  87170000                                                            000005
100000 000000000000 00090345100325490REGTIT30281648887805     0002020000005992765800000000002N           2  01000599276503041900000000203500000000099N130319000000000000000140000000000000000000000000000000000000000000000204369521000171PANIFICADORA AGUAS CLARAS               JOAO ZARPELON, 171 COSTEIRA SAO JOSE DOS            83015210                                                            000006
100000 000000000000 00090345100325490REGTIT30281651763253     0002020000005966161500000000002N           2  01000596616109051900000000060000000000099N101218000000000000000100000000000000000000000000000000000000000000000100002902185944FRANSCISCO ALVES FILHO                  RUA TADEU CARRARO, 200 UBERABA CURITIBA             81590594                                                            000007
100000 000000000000 00090345100325490REGTIT30281733704378     0002020000005992806900000000002N           2  01000599280630031900000000099500000000099N130319000000000000000070000000000000000000000000000000000000000000000100006720230913LETICIA APARECIDA DE CRISTO             AVENIDA PARANA, 212 AP 316 IGUAÇU FAZEND            83833562                                                            000008
100000 000000000000 00090345100325490REGTIT30281733704378     0002020000005992807700000000002N           2  01000599280730041900000000099500000000099N130319000000000000000070000000000000000000000000000000000000000000000100006720230913LETICIA APARECIDA DE CRISTO             AVENIDA PARANA, 212 AP 316 IGUAÇU FAZEND            83833562                                                            000009
100000 000000000000 00090345100325490REGTIT30281734345758     0002020000005957630800000000002N           2  02000595763002031900000000108330000000099N191118000000000000000070000000000000000000000000000000000000000000000100013353223452MAIARA DOS SANTOS LIMA                  RUA 04, 07 VILA NOVA N8 PETROLINA PE                56300000                                                            000010
100000 000000000000 00090345100325490REGTIT30281921217416     0002020000005966254900000000002N           2  01000596625409051900000000060000000000099N101218000000000000000100000000000000000000000000000000000000000000000100002576586961FABRICIO KATASSI NATEL                  ALEXANDRE POSSEBON FILHO, 391 AFONSO PEN            83045300                                                            000011
100000 000000000000 00090345100325490REGTIT30282080297515     0002020000005917937600000000002N           2  02000591793710031900000000152920000000099N190718000000000000000100000000000000000000000000000000000000000000000100063891476191LEANDRO DA ROCHA                        RUA PIA LAZZARI BERTOLDI,, 836 CASA CAMP            81490422                                                            000012
100000 000000000000 00090345100325490REGTIT30282322551906     0002020000005992761500000000002N           2  01000599276128031900000000203500000000099N130319000000000000000140000000000000000000000000000000000000000000000218149733000158GULA MANIA                              QUIRINO ZAGONEL, 1496 JD ITALIA BRAGA SA            83020250                                                            000013
100000 000000000000 00090345100325490REGTIT30282424262521     0002020000005939396300000000002N           2  02000593939624021900000000100000000000099N270918000000000000000070000000000000000000000000000000000000000000000100006522824400SHIRLYS KALIANA DA CONCEICAO SILVA      RUA 42, 71 SÃO GONÇALO PETROLINA PE                 56300000                                                            000014
100000 000000000000 00090345100325490REGTIT30282498593880     0002020000005958118200000000002N           2  02000595811821021900000000091670000000099N221118000000000000000060000000000000000000000000000000000000000000000100070879678437IVONEIDE PEREIRA DA CONCEICAO           RUA 05, 250 FERNANDO IDALINO  PETROLINA             56300000                                                            000015
100000 000000000000 00090345100325490REGTIT30282531679111     0002020000005929056000000000002N           2  02000592905621021900000000118750000000099N270818000000000000000080000000000000000000000000000000000000000000000100081643446568MISSILENE DA SILVA APOSTOLO             RUA: VILA NOVA, 12 PROJETO N 02 PETROLIN            56300000                                                            000016
100000 000000000000 00090345100325490REGTIT30282849096866     0002020000005967003700000000002N           2  01000596700312051900000000060000000000099N131218000000000000000100000000000000000000000000000000000000000000000100062637479949JAMIL MACIEL PINHEIRO JR.               RUA PEDRO SETUBAL, 5156 SOB 7 BOQUEIRAO             80320040                                                            000017
100000 000000000000 00090345100325490REGTIT30282852917557     0002020000005958642700000000002N           2  02000595864224021900000000139000000000099N241118000000000000000090000000000000000000000000000000000000000000000100002498826980FATIMA CATARINA RODRIGUES VOLPATO       CAMPO GRANDE, 1314 CENTRO OURIZONA PR               87170000                                                            000018
100000 000000000000 00090345100325490REGTIT30282852917557     0002020000005958643500000000002N           2  02000595864324031900000000139000000000099N241118000000000000000090000000000000000000000000000000000000000000000100002498826980FATIMA CATARINA RODRIGUES VOLPATO       CAMPO GRANDE, 1314 CENTRO OURIZONA PR               87170000                                                            000019
100000 000000000000 00090345100325490REGTIT30282870088033     0002020000005992787900000000002N           2  01000599278725041900000000333330000000099N130319000000000000000220000000000000000000000000000000000000000000000100013029323811MARTA DE ALMEIDA MARINHO                AZINHAL, 8 COJUNTO HABITACIONAL JARDIM S            05886480                                                            000020
100000 000000000000 00090345100325490REGTIT30282921157938     0002020000005977724900000000002N           2  02000597772415031900000000072380000000099N290119000000000000000050000000000000000000000000000000000000000000000100096056959953MARCIA ELIANE MULATI NASRALLAH          BELA VISTA, 997 CENTRO OURIZONA PR                  87170000                                                            000021
100000 000000000000 00090345100325490REGTIT30283253435153     0002020000005966278600000000002N           2  01000596627809051900000000060000000000099N101218000000000000000100000000000000000000000000000000000000000000000100021840111852SHISLEIDE EUGENIA DO NASCIMENTO         RONDONIA, 822 BONECA DO IGUACU SAO JOSE             83040040                                                            000022
100000 000000000000 00090345100325490REGTIT30283297562864     0002020000005901223400000000002N           2  01000590122310051900000000160000000000099N050618000000000000000270000000000000000000000000000000000000000000000100004938795442IRAN DAMIAO DE ARAUJO SLVA              FAGUNDES VARELA, 60 CASA VARGEM GRANDE P            83321180                                                            000023
100000 000000000000 00090345100325490REGTIT30283790165132     0002020000005985776500000000002N           2  02000598577609031900000000250000000000099N220219000000000000000330000000000000000000000000000000000000000000000201239951000180Novo tempo industria e comercio de artig,  ALTO MARACANA COLOMBO PR                         83408450                                                            000024
100000 000000000000 00090345100325490REGTIT30283879054954     0002020000005992766600000000002N           2  01000599276618031900000003180480000000099N130319000000000000002120000000000000000000000000000000000000000000000279731683000107HUMBERTO A CARCERERI  CIA LTDA          BELO HORIZONTE, 571 CAMPO PEQUENO COLOMB            83406440                                                            000025
100000 000000000000 00090345100325490REGTIT30283934397341     0002020000005966185200000000002N           2  01000596618509051900000000060000000000099N101218000000000000000100000000000000000000000000000000000000000000000100002583966952DAMARIS DE SÁ RIBAS MENDES              GERALDO MICHELETTO PELLANDA, 122 SITIO C            81935301                                                            000026
100000 000000000000 00090345100325490REGTIT30284065937196     0002020000005940634800000000002N           2  02000594063420021900000000175820000000099N031018000000000000000120000000000000000000000000000000000000000000000100040952053004FRANCISCO DAVI MERELES                  DOUTOR LEOPOLDO GUIMARAES DA CUNHA, 234             84035310                                                            000027
100000 000000000000 00090345100325490REGTIT30284188011785     0002020000005926267200000000002N           2  02000592626705031900000000068750000000099N110818000000000000000050000000000000000000000000000000000000000000000100006397567435ETELVINA MENDES DA SILVA                RUA J1 , BLOCO RIO PANTANIO, AP 101 VIVE            56300000                                                            000028
100000 000000000000 00090345100325490REGTIT30284258584359     0002020000005977267000000000002N           2  01000597726712051900000000105000000000099N240119000000000000000180000000000000000000000000000000000000000000000100002486222936SOLANGE AP. DE ABREU VEIGA              LEONIDIO BALABAN, 158 PINHEIRINHO CURITI            81820440                                                            000029
100000 000000000000 00090345100325490REGTIT30284444737455     0002020000005984121400000000002N           2  02000598412110031900000000032450000000099N090219000000000000000020000000000000000000000000000000000000000000000100011816345989FABIO DO VALE DE OLIVEIRA               100 ALQUEIRES,  CENTRO OURIZONA PR                  87170000                                                            000030
100000 000000000000 00090345100325490REGTIT30284463822286     0002020000005938915P00000000002N           2  02000593891528021900000000091670000000099N240918000000000000000060000000000000000000000000000000000000000000000100003961049408MARIA JOSE DOS SANTOS                   SITIO, S|N PROJETO MARIA TEREZA PETROLIN            56300000                                                            000031
100000 000000000000 00090345100325490REGTIT30284475459700     0002020000005917958900000000002N           2  02000591795805031900000000100000000000099N190718000000000000000070000000000000000000000000000000000000000000000100097579084449DEUSIVAN COSTA LIMA                     RUA: B, 30 PROJETO N 03 PETROLINA PE                56300000                                                            000032
100000 000000000000 00090345100325490REGTIT30284480560541     0002020000005930113900000000002N           2  02000593011328021900000000070000000000099N010918000000000000000050000000000000000000000000000000000000000000000100028689291415JUVENAL ALVES FILHO                     SITIO BAIXA DA BOA VISTA, S|N  PROXIMO A            56300000                                                            000033
100000 000000000000 00090345100325490REGTIT30284552956637     0002020000005926733P00000000002N           2  02000592673310031900000000100000000000099N140818000000000000000070000000000000000000000000000000000000000000000100021384363491RAIMUNDO ANTONIO DE SOUZA               RUA: 03, 165 COSME E DAMIAO PETROLINA PE            56300000                                                            000034
100000 000000000000 00090345100325490REGTIT30284654557990     0002020000005948096300000000002N           2  02000594809610041900000000050000000000099N191018000000000000000030000000000000000000000000000000000000000000000100021384363491RAIMUNDO ANTONIO DE SOUZA               RUA: 03, 165 COSME E DAMIAO PETROLINA PE            56300000                                                            000035
100000 000000000000 00090345100325490REGTIT30284843661863     0002020000005968691P00000000002N           2  01000596869109051900000000110000000000099N261218000000000000000180000000000000000000000000000000000000000000000100008365922983LUIS CARLOS DE OLIVEIRA CAMARGO         ROMARIO MARTINS, 978 SAO MARCOS SAO JOSE            83090150                                                            000036
100000 000000000000 00090345100325490REGTIT30284869509442     0002020000005992762300000000002N           2  01000599276213041900000000333330000000099N130319000000000000000220000000000000000000000000000000000000000000000100037782740827RENE LENO DA SILVA                      NAE MINEI, 345 PARQUE MARABA TABOAO DA S            06766050                                                            000037
100000 000000000000 00090345100325490REGTIT30284972593030     0002020000005931261000000000002N           2  02000593126105031900000000082000000000099N060918000000000000000050000000000000000000000000000000000000000000000100005361848441LIDIA  MARIA  RAMOS                     RUA  30, N 141 PARQUE  JATOBA PETROLINA             56300000                                                            000038
100000 000000000000 00090345100325490REGTIT30285043684707     0002020000005931471000000000002N           2  02000593147108031900000000085000000000099N080918000000000000000060000000000000000000000000000000000000000000000100002167667450MARIA  DO  CARMO  DE  LIMA   SANTOS     RUA POCO  DA  CAZE, 01 NOVA  DESCOBERTA             56300000                                                            000039
100000 000000000000 00090345100325490REGTIT30285252960137     0002020000005937861100000000002N           2  02000593786105031900000000100000000000099N180918000000000000000070000000000000000000000000000000000000000000000100045819211472EUGENIA  MARIA  DOS  SANTOS  NOGUEIRA   AVENIDA  03, N 56 VILA  VITORIA PETROLIN            56300000                                                            000040
100000 000000000000 00090345100325490REGTIT30285701403721     0002020000005986624100000000002N           2  02000598662418031900000000491490000000099N060319000000000000000330000000000000000000000000000000000000000000000231135972000117TG EDUCAÇAO S/A ,MATRIZ                 RUA VERISSIMO MARQUES, 584 CENTRO SAO JO            83005410                                                            000041
100000 000000000000 00090345100325490REGTIT30285740641980     0002020000005976903300000000002N           2  02000597690322021900000000299000000000099N230119000000000000000200000000000000000000000000000000000000000000000100002795925907SORAYA PACHECO DOS SANTOS LIMA          RUA JOANIM STROPARO, 270 CASA CENTRO CAM            83600000                                                            000042
100000 000000000000 00090345100325490REGTIT30285892143145     0002020000005931341200000000002N           2  02000593134128021900000000100000000000099N060918000000000000000070000000000000000000000000000000000000000000000100003489251407ROSILEIDE ROSA PEREIRA NUNES            RUA: 10, 231 TERRA DO SUL PETROLINA PE              56300000                                                            000043
100000 000000000000 00090345100325490REGTIT30286111475481     0002020000005984262800000000002N           2  02000598426220021900000000228670000000099N110219000000000000000150000000000000000000000000000000000000000000000100002128911036TIAGO GONÇALVES AMARO                   OLMA AVELINE CEZAR 430, 430 CASA CENTRO             96765000                                                            000044
100000 000000000000 00090345100325490REGTIT30286123885748     0002020000005958652400000000002N           2  02000595865224021900000000043700000000099N241118000000000000000030000000000000000000000000000000000000000000000100005111393900CLAUDINEIA DOS REIS DA SILVA            FLORIANOPOLIS, 334 CASA CONJUNTO HENRIQU            87170000                                                            000045
100000 000000000000 00090345100325490REGTIT30286194196099     0002020000005977299900000000002N           2  01000597729912051900000000088750000000099N240119000000000000000150000000000000000000000000000000000000000000000100040439674972JOSETE AP. LUCIANO                      TEIXEIRA SOARES, 518 CRUZEIRO SAO JOSE D            83010170                                                            000046
100000 000000000000 00090345100325490REGTIT30286300498325     0002020000005919608400000000002N           2  02000591960826021900000000050000000000099N300718000000000000000030000000000000000000000000000000000000000000000100059242973491EDVALDO AMANCIO DE LIRA                 B, 26 PREJETO C1 PETROLINA PE                       56300000                                                            000047
100000 000000000000 00090345100325490REGTIT30286300498325     0002020000005919609200000000002N           2  02000591960926031900000000050000000000099N300718000000000000000030000000000000000000000000000000000000000000000100059242973491EDVALDO AMANCIO DE LIRA                 B, 26 PREJETO C1 PETROLINA PE                       56300000                                                            000048
100000 000000000000 00090345100325490REGTIT30286413449781     0002020000005938984200000000002N           2  02000593898419031900000000100000000000099N250918000000000000000070000000000000000000000000000000000000000000000100007699552407ANA  PAULA  DA  SILVA  LIMA             RUA  C, N 73 C 2 PISNO PETROLINA PE                 56300000                                                            000049
100000 000000000000 00090345100325490REGTIT30286515748645     0002020000005987539900000000002N           2  02000598753912031900000000980000000000099N110319000000000000000650000000000000000000000000000000000000000000000100006243498964ROSIANE KREPEL                          PEDRO POLATI, 62 MARUMBI PIRAQUARA PR               83304380                                                            000050
100000 000000000000 00090345100325490REGTIT30286639073743     0002020000005967800300000000002N           2  01000596780009051900000000060000000000099N181218000000000000000100000000000000000000000000000000000000000000000100011160113955JARDEL LUCAS DA SILVA SANTOS            TADEU CARRARO, 200 UBERABA CURITIBA PR              81590594                                                            000051
100000 000000000000 00090345100325490REGTIT30286765853683     0002020000005956702300000000002N           2  02000595670210031900000000250000000000099N121118000000000000000170000000000000000000000000000000000000000000000100004397398291ULISSES DIAS SIQUEIRA                   SOUZA FRANCO, 2890 ICOARACI BELEM  PA               66811880                                                            000052
100000 000000000000 00090345100325490REGTIT30287090028201     0002020000005951488400000000002N           2  02000595148810031900000000048900000000099N091118000000000000000030000000000000000000000000000000000000000000000100005036597974VALDIRENE LOPES DE SOUZA                IBIRAPITANGA, 0 FAZENDA BURITI CENTRO MA            87170000                                                            000053
100000 000000000000 00090345100325490REGTIT30287273416072     0002020000005899020800000000002N           2  02000589902021021900000000099000000000099N220518000000000000000070000000000000000000000000000000000000000000000100007524725426ELBER DA SILVA                          RUA 29, 71 PARQUE JATOBÁ PETROLINA PE               56300000                                                            000054
100000 000000000000 00090345100325490REGTIT30287441551482     0002020000005966197600000000002N           2  01000596619709051900000000060000000000099N101218000000000000000100000000000000000000000000000000000000000000000100008873635989BRENDA HELOISA SCARSETTO DA SILVA       JOAQUIM ALVES FONTES, 258 COLONIA MURICI            83085500                                                            000055
100000 000000000000 00090345100325490REGTIT30287673173927     0002020000005977491600000000002N           2  02000597749110031900000000139840000000099N250119000000000000000090000000000000000000000000000000000000000000000100040952053004FRANCISCO DAVI MERELES                  DOUTOR LEOPOLDO GUIMARAES DA CUNHA, 234             84035310                                                            000056
100000 000000000000 00090345100325490REGTIT30287785064991     0002020000005992760700000000002N           2  01000599276027031900000000203500000000099N130319000000000000000140000000000000000000000000000000000000000000000100073824194953VALDIR DE ALMEIDA MORAES                ANTHERO PEREIRA DOS SANTOS, 158 JARDIM I            83020740                                                            000057
100000 000000000000 00090345100325490REGTIT30287899850714     0002020000005976898300000000002N           2  02000597689821021900000000218750000000099N230119000000000000000150000000000000000000000000000000000000000000000208195565000183MERCADO DOURADOS(JULIO)                 AV.ANTONIO NUNES DA ROCHA, 380 RIO PEQUE            83070020                                                            000058
100000 000000000000 00090345100325490REGTIT30288054038546     0002020000005957075P00000000002N           2  02000595707513031900000000051100000000099N131118000000000000000030000000000000000000000000000000000000000000000100003576606920NANCI ROCHA                             CAMPO GRANDE, 46 CASA FUNDO CENTRO OURIZ            87170000                                                            000059
100000 000000000000 00090345100325490REGTIT30288162556261     0002020000005992790900000000002N           2  01000599279002041900000000060000000000099N130319000000000000000040000000000000000000000000000000000000000000000100075737000915JOCIANE MEDEIROS                        ESPIRITO SANTO, 290 SANTO ANTONIO SAO JO            83025330                                                            000060
100000 000000000000 00090345100325490REGTIT30288162556261     0002020000005992791700000000002N           2  01000599279102051900000000060000000000099N130319000000000000000040000000000000000000000000000000000000000000000100075737000915JOCIANE MEDEIROS                        ESPIRITO SANTO, 290 SANTO ANTONIO SAO JO            83025330                                                            000061
100000 000000000000 00090345100325490REGTIT30288193673288     0002020000005957177200000000002N           2  02000595717705031900000000095000000000099N141118000000000000000060000000000000000000000000000000000000000000000100007616294405ELIANE DA COSTA SANTOS                  RUA B, 30 PROJETO N3 PETROLINA PE                   56300000                                                            000062
100000 000000000000 00090345100325490REGTIT30288359940027     0002020000005959025400000000002N           2  02000595902508031900000000058330000000099N271118000000000000000040000000000000000000000000000000000000000000000100036802786591LAURITA  DE   SOUZA                     40, 250 SAO GONÇALO PETROLINA PE                    56300000                                                            000063
100000 000000000000 00090345100325490REGTIT30288381672484     0002020000005984634800000000002N           2  02000598463412031900000000449470000000099N130219000000000000000300000000000000000000000000000000000000000000000100016376720803MALVINA DO NASCIMENTO                   DA GRANJA, 145 CASA 2 BARNABÉS JUQUITIBA            06950000                                                            000064
100000 000000000000 00090345100325490REGTIT30288515443007     0002020000005969435100000000002N           2  01000596943508051900000000060000000000099N050119000000000000000100000000000000000000000000000000000000000000000100002748545974ANDREA CAROLINA DE OLIVEIRA             TRAV. ANTONIA MIRAVALLES, 147 AFONSO PEN            83045130                                                            000065
100000 000000000000 00090345100325490REGTIT30288838531287     0002020000005960084500000000002N           2  02000596008410031900000000183200000000099N031218000000000000000120000000000000000000000000000000000000000000000100040952053004FRANCISCO DAVI MERELES                  DOUTOR LEOPOLDO GUIMARAES DA CUNHA, 234             84035310                                                            000066
100000 000000000000 00090345100325490REGTIT30288853076986     0002020000005986623300000000002N           2  02000598662314031900000000341700000000099N060319000000000000000230000000000000000000000000000000000000000000000231135972000117TG EDUCAÇAO S/A ,MATRIZ                 RUA VERISSIMO MARQUES, 584 CENTRO SAO JO            83005410                                                            000067
100000 000000000000 00090345100325490REGTIT30288926520583     0002020000005950532P00000000002N           2  02000595053209031900000000083330000000099N061118000000000000000060000000000000000000000000000000000000000000000100009026375417JAILENE   DE  CARVALHO  RODRIGUES       QUADRA  C, N 108 PROJETO  N5 PETROLINA P            56300000                                                            000068
100000 000000000000 00090345100325490REGTIT30289197123886     0002020000005978219600000000002N           2  01000597821909051900000000060000000000099N010219000000000000000040000000000000000000000000000000000000000000000100004954028930TASSYANA DOS SANTOS TABORDA             DR. MURICI, 1105 GUATUPE SAO JOSE DOS PI            83060290                                                            000069
100000 000000000000 00090345100325490REGTIT30289527692844     0002020000005939588500000000002N           2  02000593958825021900000000100000000000099N270918000000000000000070000000000000000000000000000000000000000000000100003152799403COSME DE SOUZA DA CUNHA                 SITIO POÇO, S|N POÇO PETROLINA PE                   56300000                                                            000070
100000 000000000000 00090345100325490REGTIT30289548962927     0002020000005959205200000000002N           2  02000595920528021900000000112500000000099N281118000000000000000080000000000000000000000000000000000000000000000100008337713534MARLENE IZABEL DOS SANTOS               RUA RIO SAO FRANCISCO, 88 JOSE MARIA  PE            56300000                                                            000071
100000 000000000000 00090345100325490REGTIT30289567753329     0002020000005992801800000000002N           2  01000599280105041900000000055000000000099N130319000000000000000040000000000000000000000000000000000000000000000100001990260926CARLA TANISE TUCUNDUVA                  RUA 25 DE AGOSTO, 472 CASA 2 BOQUEIRAO C            81670200                                                            000072
100000 000000000000 00090345100325490REGTIT30289567753329     0002020000005992802600000000002N           2  01000599280205051900000000055000000000099N130319000000000000000040000000000000000000000000000000000000000000000100001990260926CARLA TANISE TUCUNDUVA                  RUA 25 DE AGOSTO, 472 CASA 2 BOQUEIRAO C            81670200                                                            000073
100000 000000000000 00090345100325490REGTIT30289574648220     0002020000005992777100000000002N           2  01000599277720031900000000069000000000099N130319000000000000000050000000000000000000000000000000000000000000000100089882067115EDNA FERREIRA MATIAS                    LUIZ PEREIRA, 1157 JARDIM BOTANICO II CA            79070125                                                            000074
100000 000000000000 00090345100325490REGTIT30289574648220     0002020000005992778P00000000002N           2  01000599277815041900000000069000000000099N130319000000000000000050000000000000000000000000000000000000000000000100089882067115EDNA FERREIRA MATIAS                    LUIZ PEREIRA, 1157 JARDIM BOTANICO II CA            79070125                                                            000075
100000 000000000000 00090345100325490REGTIT30289597484477     0002020000005949741600000000002N           2  02000594974115021900000000075000000000099N301018000000000000000050000000000000000000000000000000000000000000000100007119661175VINICIUS LIMA DA SILVA                  RUA: 58, 38 JOAO DE DEUS PETROLINA PE               56300000                                                            000076
100000 000000000000 00090345100325490REGTIT30289597484477     0002020000005949742400000000002N           2  02000594974215031900000000075000000000099N301018000000000000000050000000000000000000000000000000000000000000000100007119661175VINICIUS LIMA DA SILVA                  RUA: 58, 38 JOAO DE DEUS PETROLINA PE               56300000                                                            000077
100000 000000000000 00090345100325490REGTIT30289643628170     0002020000005939003400000000002N           2  02000593900328021900000000066250000000099N250918000000000000000040000000000000000000000000000000000000000000000100005319620403MARLENE BARRETO DE LIMA                 RUA 05, 616 ANTONIO CASSIMIRO  PETROLINA            56300000                                                            000078
100000 000000000000 00090345100325490REGTIT30289663992987     0002020000005984640200000000002N           2  02000598464013031900000000167500000000099N130219000000000000000110000000000000000000000000000000000000000000000100005952547800MARIA DAS GRACAS GOMES                  AGLAE REIS, 71 JARDIM CLARICE SAO PAULO             05870010                                                            000079
100000 000000000000 00090345100325490REGTIT30289709723898     0002020000005969871300000000002N           2  02000596987110031900000000120000000000099N090119000000000000000080000000000000000000000000000000000000000000000100008092154384JULIANA MARIA BARBOSA DIAS              NOSSA SENHORA DA CONCEICAO, 2 BRASILIA (            66845822                                                            000080
100000 000000000000 00090345100325490REGTIT30289726547064     0002020000005966294800000000002N           2  02000596629415031900000000084670000000099N101218000000000000000060000000000000000000000000000000000000000000000100096056959953MARCIA ELIANE MULATI NASRALLAH          BELA VISTA, 997 CENTRO OURIZONA PR                  87170000                                                            000081
9                                                                                                                                                                                                                                                                                                                                                                                                         000082