01REMESSA01COBRANCA       00000000000004852239ISPCN                         237BRADESCO       250319        MX0003113                                                                                                                                                                                                                                                                                     000001
100000 000000000000 00090345100325490REGTIT31131328637036     0002020000005995450700000000002N           2  01000599545001041900000000170000000000099N250319000000000000000110000000000000000000000000000000000000000000000279766887000183BIOAGRO                                 ROD DO XISTO BR 476, 6964 KM 21 VILA NOV            83703265                                                            000002
100000 000000000000 00090345100325490REGTIT31132059191755     0002020000005985834600000000002N           2  02000598583408041900000002175290000000099N230219000000000000001450000000000000000000000000000000000000000000000100040117158836HORACIA GODINHO DA SILVA CARDOSO        ANTONIO LINDORIO PINTO, 154 SENHORINHA J            06950000                                                            000003
100000 000000000000 00090345100325490REGTIT31132344426206     0002020000005995452300000000002N           2  01000599545210041900000000520000000000099N250319000000000000000350000000000000000000000000000000000000000000000100085441244100IDNEIDE INACIA ALVES                    RUA FRANCISCO RODRIGUES DA CUNHA, 75 DIS            79556000                                                            000004
100000 000000000000 00090345100325490REGTIT31132344426206     0002020000005995453100000000002N           2  01000599545310051900000000520000000000099N250319000000000000000350000000000000000000000000000000000000000000000100085441244100IDNEIDE INACIA ALVES                    RUA FRANCISCO RODRIGUES DA CUNHA, 75 DIS            79556000                                                            000005
100000 000000000000 00090345100325490REGTIT31132424262521     0002020000005939397100000000002N           2  02000593939724031900000000100000000000099N270918000000000000000070000000000000000000000000000000000000000000000100006522824400SHIRLYS KALIANA DA CONCEICAO SILVA      RUA 42, 71 SÃO GONÇALO PETROLINA PE                 56300000                                                            000006
100000 000000000000 00090345100325490REGTIT31133323095403     0002020000005930806000000000002N           2  02000593080601031900000000108350000000099N040918000000000000000070000000000000000000000000000000000000000000000100001102568406EDINEZ GOMES DE BARROS CARVALHO         RUA:32, N:369 JOÃO DE DEUS PETROLINA PE             56300000                                                            000007
100000 000000000000 00090345100325490REGTIT31133629760270     0002020000005995451500000000002N           2  01000599545101041900000000215000000000099N250319000000000000000140000000000000000000000000000000000000000000000279766887000183BIOAGRO                                 ROD DO XISTO BR 476, 6964 KM 21 VILA NOV            83703265                                                            000008
100000 000000000000 00090345100325490REGTIT31134358381616     0002020000005985831100000000002N           2  02000598583123031900000000100000000000099N230219000000000000000070000000000000000000000000000000000000000000000100001989879195ELIANE DE OLIVEIRA MATTOS               VIELAPROGRESSO   Q 79 LT 19 CASA 03, 0 Q            74970000                                                            000009
100000 000000000000 00090345100325490REGTIT31134537363077     0002020000005995462000000000002N           2  01000599546204041900000000314000000000099N250319000000000000000210000000000000000000000000000000000000000000000100070982449968JORGE PINTO DE LIMA                     EUFRASIO LUIZ POLAKOWSKI, 194 AFONSO PEN            83045705                                                            000010
100000 000000000000 00090345100325490REGTIT31134874820121     0002020000005977743500000000002N           2  02000597774312031900000000089000000000099N290119000000000000000060000000000000000000000000000000000000000000000100012382509805IVETE SOUZA LIMA FERNANDES              ALFEU SCHIMIDT BL P APT 12, 221 PLANALTO            13453833                                                            000011
100000 000000000000 00090345100325490REGTIT31134902052688     0002020000005968221300000000002N           2  02000596822122031900000000260000000000099N201218000000000000000170000000000000000000000000000000000000000000000100017151800894LUZIA TEREZINHA VITTI DE MORAES         PERU, 358 JARDIM SARTORI SANTA BARBARA D            13450197                                                            000012
100000 000000000000 00090345100325490REGTIT31135260507149     0002020000005977437100000000002N           2  02000597743725031900000000047400000000099N250119000000000000000030000000000000000000000000000000000000000000000100005036597974VALDIRENE LOPES DE SOUZA                IBIRAPITANGA, 0 FAZENDA BURITI CENTRO MA            87170000                                                            000013
100000 000000000000 00090345100325490REGTIT31135303618845     0002020000005966751600000000002N           2  02000596675120031900000000250000000000099N121218000000000000000170000000000000000000000000000000000000000000000100051845199987JOSE CARLOS ALVES                       HENRIQUE BRUDECK, 469 CASA VILA SAO CRIS            83305345                                                            000014
100000 000000000000 00090345100325490REGTIT31135683803140     0002020000005960707600000000002N           2  02000596070728021900000000100000000000099N061218000000000000000070000000000000000000000000000000000000000000000100094358222234NELMA REGINA RAMOS DOS SANTOS           RIO CARACARA (CACHOEIRA DO ARARI), 00 MA            68840000                                                            000015
100000 000000000000 00090345100325490REGTIT31135683803140     0002020000005960708400000000002N           2  02000596070830031900000000100000000000099N061218000000000000000070000000000000000000000000000000000000000000000100094358222234NELMA REGINA RAMOS DOS SANTOS           RIO CARACARA (CACHOEIRA DO ARARI), 00 MA            68840000                                                            000016
100000 000000000000 00090345100325490REGTIT31135712640823     0002020000005969109300000000002N           2  02000596910925031900000000145000000000099N281218000000000000000100000000000000000000000000000000000000000000000100007027799383AMANDA COSTA DE OLIVEIRA                DO CRUZEIRO, 5 CRUZEIRO  BELEM  PA                  66810010                                                            000017
100000 000000000000 00090345100325490REGTIT31135788745184     0002020000005978012600000000002N           2  02000597801220031900000000125000000000099N310119000000000000000080000000000000000000000000000000000000000000000100002356296263DALVAENILDE RAMOS FILHA DE MIRANDA      CACHOEIRA DO ARARI, 000 CACHOEIRA DO ARA            68840000                                                            000018
100000 000000000000 00090345100325490REGTIT31135882065006     0002020000005978094000000000002N           2  02000597809403031900000000571800000000099N310119000000000000000380000000000000000000000000000000000000000000000100003443931944SILVIA DOS SANTOS                       ELOINA RIBAS BASTOS, 218 CASA COSTEIRA S            83015160                                                            000019
100000 000000000000 00090345100325490REGTIT31137267735265     0002020000005949577400000000002N           2  02000594957724031900000000128330000000099N291018000000000000000090000000000000000000000000000000000000000000000100053541863315IZIDORIO FRANCISCO DOS REIS             RUA: RIO GRANDE DO SUL, 112 JOSE E MARIA            56300000                                                            000020
100000 000000000000 00090345100325490REGTIT31138999967980     0002020000005978108400000000002N           2  02000597810828041900000000200000000000099N010219000000000000000130000000000000000000000000000000000000000000000100005744970215ALCINDO TELES DA SILVA                  PRESIDENTE CASTELO BRANCO, 725 TAPANA (I            66825070                                                            000021
100000 000000000000 00090345100325490REGTIT31139783566784     0002020000005918950900000000002N           2  02000591895023031900000000150000000000099N250718000000000000000100000000000000000000000000000000000000000000000100086833383472VALDEMIR FRANCISCO DA SILVA             RUA: 54, 260 JOAO DE DEUS PETROLINA PE              56300000                                                            000022
100000 000000000000 00090345100325490REGTIT31139873635475     0002020000005960688600000000002N           2  02000596068828021900000000425000000000099N061218000000000000000570000000000000000000000000000000000000000000000100001933716185LEYDIANE DONIZETE FERREIRA              RUA ALIS Q 73 LT 10 CIDADE LIVRE, 0 Q73             74970000                                                            000023
9                                                                                                                                                                                                                                                                                                                                                                                                         000024