01REMESSA01COBRANCA       00000000000004972103WC SISTEMAS E EQUIPAMENTOS DE 237BRADESCO       120319        MX0002617                                                                                                                                                                                                                                                                                     000001
100000 000000000000 00090345100240370REGTIT26171812070542     0002020000005963994600000000002N           2  02181207054228121800000000239700000000099N061218000000000000000360000000000000000000000000000000000000000000000215833345000101OOI DENTS CLINICA ODONTOLOGICA LTDA ME  RUA EDUARDO PINTO DA ROCHA, 542                     81850000                                                            000002
100000 000000000000 00090345100240370REGTIT26171901065709     0002020000005971693200000000002N           2  04190106570930011900000000136900000000099N110119000000000000000210000000000000000000000000000000000000000011160205925767000145ADRIANA APARECIDA PECCI RAMOS ME        1AV 14 DE NOVEMBRO, 604                             86165000                                                            000003
100000 000000000000 00090345100240370REGTIT26171901070542     0002020000005973499P00000000002N           2  02190107054230011900000000134800000000099N110119000000000000000200000000000000000000000000000000000000000000000215833345000101OOI DENTS CLINICA ODONTOLOGICA LTDA ME  RUA EDUARDO PINTO DA ROCHA, 542                     81850000                                                            000004
100000 000000000000 00090345100240370REGTIT26171902070542     0002020000005982256200000000002N           2  02190207054228021900000000134800000000099N080219000000000000000200000000000000000000000000000000000000000000000215833345000101OOI DENTS CLINICA ODONTOLOGICA LTDA ME  RUA EDUARDO PINTO DA ROCHA, 542                     81850000                                                            000005
100000 000000000000 00090345100240370REGTIT2617996703254239   0002020090005987730900000000002N           2  01996703254214041900000000254000000000099N120319000000000000000380000000000000000000000000000000000000000000000217697457000108ADRIANO LUIZ TARESZKIEWICZ ME           RUA CAMPOS SALES, 918                               80030230                                                            000006
100000 000000000000 00090345100240370REGTIT2617996703298107   0002020090005987729500000000002N           2  01996703298114031900000000254000000000099N120319000000000000000380000000000000000000000000000000000000000000000217697457000108ADRIANO LUIZ TARESZKIEWICZ ME           RUA CAMPOS SALES, 918                               80030230                                                            000007
100000 000000000000 00090345100240370REGTIT2617996940363440   0002020090005987723600000000002N           2  01996940363414041900000000224600000000099N120319000000000000000340000000000000000000000000000000000000000000000215359738000117VIVIANE PORTELLA AUTOMECANICA ME        RUA CAETANO MUNHOZ DA ROCHA, 1994                   83606260                                                            000008
100000 000000000000 00090345100240370REGTIT2617996940391620   0002020090005987722800000000002N           2  01996940391614031900000000224600000000099N120319000000000000000340000000000000000000000000000000000000000000000215359738000117VIVIANE PORTELLA AUTOMECANICA ME        RUA CAETANO MUNHOZ DA ROCHA, 1994                   83606260                                                            000009
100000 000000000000 00090345100240370REGTIT2617997055142355   0002020090005987728700000000002N           2  01997055142313041900000000202200000000099N120319000000000000000300000000000000000000000000000000000000000000000206074933000100CASA DOS PESCADOS FRUTO DO MAR E CIA    RUA PROFESSOR JOSE MAURICIO HIGGINS, 122            81670410                                                            000010
100000 000000000000 00090345100240370REGTIT2617997055191147   0002020090005987727900000000002N           2  01997055191113031900000000202200000000099N120319000000000000000300000000000000000000000000000000000000000000000206074933000100CASA DOS PESCADOS FRUTO DO MAR E CIA    RUA PROFESSOR JOSE MAURICIO HIGGINS, 122            81670410                                                            000011
100000 000000000000 00090345100240370REGTIT2617997220962750   0002020090005987718P00000000002N           2  01997220962722031900000000239700000000099N120319000000000000000360000000000000000000000000000000000000000000000218007388000118D.A.NARVAES DIONISIO                    R PROFESSOR ALGACYR MUNHOZ MADER, 4580              81350010                                                            000012
100000 000000000000 00090345100240370REGTIT2617997230615627   0002020090005987726000000000002N           2  01997230615622051900000000121030000000099N120319000000000000000180000000000000000000000000000000000000000000000100027237753215ADALTO SILVA DE OLIVEIRA                AV JOAO PETENESSO , 27                              83406690                                                            000013
100000 000000000000 00090345100240370REGTIT2617997230639537   0002020090005987725200000000002N           2  01997230639522041900000000121030000000099N120319000000000000000180000000000000000000000000000000000000000000000100027237753215ADALTO SILVA DE OLIVEIRA                AV JOAO PETENESSO , 27                              83406690                                                            000014
100000 000000000000 00090345100240370REGTIT2617997230686966   0002020090005987724400000000002N           2  01997230686922031900000000121030000000099N120319000000000000000180000000000000000000000000000000000000000000000100027237753215ADALTO SILVA DE OLIVEIRA                AV JOAO PETENESSO , 27                              83406690                                                            000015
100000 000000000000 00090345100240370REGTIT2617997311963106   0002020090005987719800000000002N           2  01997311963122031900000000239700000000099N120319000000000000000360000000000000000000000000000000000000000000000275218065000107ADESOL COMERCIO DE BEBIDAS LTDA         RUA LEILA DINIZ, 376                                83331210                                                            000016
9                                                                                                                                                                                                                                                                                                                                                                                                         000017