01REMESSA01COBRANCA       00000000000004852239ISPCN                         237BRADESCO       140319        MX0003033                                                                                                                                                                                                                                                                                     000001
100000 000000000000 00090345100325490REGTIT30331385894959     0002020000005937741000000000002N           2  02000593774110031900000000100000000000099N170918000000000000000070000000000000000000000000000000000000000000000100096307820497MARIA EDILEUZA TELES RODRIGUES          RUA: DO IMPERADOR, 27 VILA MOCÓ PETROLIN            56300000                                                            000002
100000 000000000000 00090345100325490REGTIT30331530753874     0002020000005978991300000000002N           2  02000597899110031900000000095000000000099N080219000000000000000060000000000000000000000000000000000000000000000100012283150272JOSÉ LUIZ LIMA DOS PRAZERES             TRAVESSA CRISTOVAO COLOMBO, 341 PREDIO R            66810000                                                            000003
100000 000000000000 00090345100325490REGTIT30331811118009     0002020000005992888300000000002N           2  01000599288815031900000000200000000000099N140319000000000000000130000000000000000000000000000000000000000000000100005491158119RITA DE CASSIA ORTIZ SILVA              SAO GERONIMO, 33 PEDRA 90 CUIABÁ MT                 78000000                                                            000004
100000 000000000000 00090345100325490REGTIT30332312986771     0002020000005938310000000000002N           2  02000593831010031900000000100000000000099N200918000000000000000070000000000000000000000000000000000000000000000100009967605553LUIZ  GONZAGA  MUNIZ  DE  FREITAS       RUA  CREMILDA GOMES  DA  SILVA, N 288A J            56300000                                                            000005
100000 000000000000 00090345100325490REGTIT30333196131512     0002020000005957119500000000002N           2  02000595711910031900000000125000000000099N141118000000000000000080000000000000000000000000000000000000000000000100038627043434MARIA CICERA DE ARAUJO                  RUA DANTAS BARRETO, 272 VILA EDUARDO  PE            56300000                                                            000006
100000 000000000000 00090345100325490REGTIT30333420489550     0002020000005939687300000000002N           2  02000593968710031900000001000000000000099N280918000000000000000670000000000000000000000000000000000000000000000100042189204860GUSTAVO OLIVEIRA DO NASCIMENTO          VIDA NOVA, 156 AP 223 BL E JARDIM MARIA             06764045                                                            000007
100000 000000000000 00090345100325490REGTIT30333653346105     0002020000005909027800000000002N           2  02000590902713031900000000100000000000099N190618000000000000000070000000000000000000000000000000000000000000000100008646977838MARIA DA CRUZ MACEDO VELOSO             R. ATUCUPE, 342 JARDIM LEÔNIDAS MOREIRA             05792050                                                            000008
100000 000000000000 00090345100325490REGTIT30333672702088     0002020000005931022700000000002N           2  02000593102206031900000000106250000000099N050918000000000000000070000000000000000000000000000000000000000000000100018789196449RAIMUNDA NILA GONCALVES                 ARE: 19, LOTE: 1911 PROJETO MARIA TEREZA            56300000                                                            000009
100000 000000000000 00090345100325490REGTIT30334272883294     0002020000005992890500000000002N           2  01000599289014041900000000037500000000099N140319000000000000000030000000000000000000000000000000000000000000000100005852612103MARCOS DIONYCOSTA DOS SANTOS            QUADRA 10 LOTE 16 AURENY II, 16 AURENY 2            77270000                                                            000010
100000 000000000000 00090345100325490REGTIT30335800848619     0002020000005970156000000000002N           2  02000597015610031900000000300000000000099N100119000000000000000200000000000000000000000000000000000000000000000100033275878840SELMA ALVES SILVA                       ELZA MARINA DOHOCZKI, 84 JARDIM MARIA LU            06770210                                                            000011
100000 000000000000 00090345100325490REGTIT30335820401459     0002020000005992892100000000002N           2  01000599289220041900000000323000000000099N140319000000000000000220000000000000000000000000000000000000000000000100003096532826JOAO BATISTA ALVES                      SÃO GABRIEL, 77 JARDIM SANTO EDUARDO EMB            06823470                                                            000012
100000 000000000000 00090345100325490REGTIT30335935703586     0002020000005992889100000000002N           2  01000599288914041900000000231000000000099N140319000000000000000150000000000000000000000000000000000000000000000100007028217990NEIDE TELLES CAMARGO BRÁS               RUA NILO PEÇANHA, 124 CASA GUARANI COLOM            83409220                                                            000013
100000 000000000000 00090345100325490REGTIT30335960421421     0002020000005918184200000000002N           2  02000591818414021900000000150000000000099N200718000000000000000100000000000000000000000000000000000000000000000100028502833472ANTONIO SEBASTIAO NETO                  01, 70 TERRA DO SUL  PETROLINA  PE                  56300000                                                            000014
100000 000000000000 00090345100325490REGTIT30335994232280     0002020000005977440100000000002N           2  02000597744010031900000000200000000000099N250119000000000000000130000000000000000000000000000000000000000000000100008247757249MARIA MADALENA DOS SANTOS ALMEIDA       TRAVESSA N4, 338 CONJUNTO COHAB CAMPINA             66815610                                                            000015
100000 000000000000 00090345100325490REGTIT30336192525960     0002020000005950809400000000002N           2  02000595080918021900000000166670000000099N071118000000000000000110000000000000000000000000000000000000000000000100052159116220LEONIRA RODRIGUES DE FREITAS            VILA BAMBU, S|N ZONA RURAL  SENADOR JOSE            68360000                                                            000016
100000 000000000000 00090345100325490REGTIT30336429976324     0002020000005970075000000000002N           2  02000597007512031900000000366810000000099N100119000000000000000240000000000000000000000000000000000000000000000100025392913504NAIR LIMA SAMPAIO                       OLIMPIO RODRIGUES DE ARAUJO,  JARDIM MAC            05894390                                                            000017
100000 000000000000 00090345100325490REGTIT30336605596041     0002020000005937399700000000002N           2  02000593739911031900000000033350000000099N140918000000000000000020000000000000000000000000000000000000000000000100053619064415IVANILDE BRIGDA VIEIRA                  RUA D, QUADRA H BLOCO GOGARIM NOVA PETRO            56300000                                                            000018
100000 000000000000 00090345100325490REGTIT30336929052981     0002020000005966180100000000002N           2  02000596618010031900000000034930000000099N101218000000000000000020000000000000000000000000000000000000000000000100010102971986CAMILA DOS SANTOS FERBONI               MACHADO DE ASSIS, 923 CENTRO OURIZONA PR            87170000                                                            000019
100000 000000000000 00090345100325490REGTIT30337026269261     0002020000005930612200000000002N           2  02000593061207031900000000150000000000099N040918000000000000000100000000000000000000000000000000000000000000000100088376044400MARIA  IRANI DA  SILVA  BARBOSA         RUA  25, N 13 RIO  CORRENTE PETROLINA PE            56300000                                                            000020
100000 000000000000 00090345100325490REGTIT30337171236409     0002020000005949102700000000002N           2  02000594910214031900000000042980000000099N251018000000000000000030000000000000000000000000000000000000000000000100010102971986CAMILA DOS SANTOS FERBONI               MACHADO DE ASSIS, 923 CENTRO OURIZONA PR            87170000                                                            000021
100000 000000000000 00090345100325490REGTIT30337245409972     0002020000005948620100000000002N           2  02000594862007031900000000105560000000099N231018000000000000000070000000000000000000000000000000000000000000000100074746090459FRANCISCO RODRIGUES DA SILVA            RUA 48, 181 JOAO DE DEUS PETROLINA PE               56300000                                                            000022
100000 000000000000 00090345100325490REGTIT30337573239207     0002020000005987503800000000002N           2  02000598750326031900000000104120000000099N110319000000000000000070000000000000000000000000000000000000000000000100057492948468JOSÉ PEREIRA DE SOUZA FILHO             NILTON MACHADO DE BARROS, 43 PARQUE FERN            05889000                                                            000023
100000 000000000000 00090345100325490REGTIT30337580032741     0002020000005951360800000000002N           2  02000595136008031900000000100000000000099N081118000000000000000070000000000000000000000000000000000000000000000100005249620493DURVALINA   PASTORA   MARIA  DA   CONCEIRUA  23, N  78 RIO  CORRENTE PETROLINA P            56300000                                                            000024
100000 000000000000 00090345100325490REGTIT30337734529135     0002020000005987067200000000002N           2  02000598706709041900000000700000000000099N090319000000000000000470000000000000000000000000000000000000000000000100091509483500ZELIA BARBOSA DE ALMEIDA                JOAO BAZZOLI, 73 JARDIM SAINT MORITZ TAB            06787655                                                            000025
100000 000000000000 00090345100325490REGTIT30337807685248     0002020000005969733400000000002N           2  02000596973315031900000001006410000000099N080119000000000000000670000000000000000000000000000000000000000000000100004546311893MARCO ANTONIO DOS SANTOS                NOVE DE JULHO, 1289 AP131 BELA VISTA SAO            01313000                                                            000026
100000 000000000000 00090345100325490REGTIT30338129833419     0002020000005951126500000000002N           2  02000595112610031900000001549320000000099N071118000000000000001030000000000000000000000000000000000000000000000100003460005998VALDECI MOISES DE LIMA                  BENTO CANDIDO DA SILVA, 443 CENTRO ITAMB            86375000                                                            000027
100000 000000000000 00090345100325490REGTIT30338349682750     0002020000005984848000000000002N           2  02000598484814031900000000336410000000099N140219000000000000000220000000000000000000000000000000000000000000000100031927090814ADRIANO OLIVEIRA MOTA                   SAO FRANCISCO, 1800 AP141 BL D JARDIM HE            06764290                                                            000028
100000 000000000000 00090345100325490REGTIT30338848540522     0002020000005977603P00000000002N           2  02000597760328021900000000358000000000099N280119000000000000000240000000000000000000000000000000000000000000000100026963854831GISLENE ALMEIDA NOGUEIRA                DOM PEDRO II,  1983 AP 33 BLOCO 6 CENTRO            06401060                                                            000029
100000 000000000000 00090345100325490REGTIT30339174251519     0002020000005979068700000000002N           2  02000597906808031900000000150000000000099N080219000000000000000100000000000000000000000000000000000000000000000100041096667835LAIS FRANCISCA BEZERRA DA SILVA         PALMEIRA D OESTE, 630 PARQUE SANTA TEREZ            06622240                                                            000030
100000 000000000000 00090345100325490REGTIT30339243585637     0002020000005950204500000000002N           2  02000595020401031900000000116670000000099N011118000000000000000080000000000000000000000000000000000000000000000100070955904439DAYLANE FLORIANO LOPES                  QUADRA H, 17 PROJETO N9  PETROLINA PE               56300000                                                            000031
100000 000000000000 00090345100325490REGTIT30339508801756     0002020000005931329300000000002N           2  02000593132906031900000000133350000000099N060918000000000000000090000000000000000000000000000000000000000000000100000823677443ANTONIA LUCIENE DE SOUZA                RUA: 12, 270 VILA DEBORA PETROLINA PE               56300000                                                            000032
9                                                                                                                                                                                                                                                                                                                                                                                                         000033