01REMESSA01COBRANCA       00000000000004852239ISPCN                         237BRADESCO       280319        MX0003144                                                                                                                                                                                                                                                                                     000001
100000 000000000000 00090345100325490REGTIT31441184217929     0002020000005996064700000000002N           2  01000599606428041900000001650000000000099N280319000000000000001100000000000000000000000000000000000000000000000100015755490856FABIO ALVES CANELA                      RUA PRESCILIANA DE ALMEIDA, 174 CASA 174            05894410                                                            000002
100000 000000000000 00090345100325490REGTIT31441612180512     0002020000005898631600000000002N           2  02000589863118031900000000110000000000099N210518000000000000000070000000000000000000000000000000000000000000000100002699919489FRANCISCO DE JESUS NASCIMENTO           10, 45 SÃO JORGE PETROLINA PE                       56300000                                                            000003
100000 000000000000 00090345100325490REGTIT31442285771104     0002020000005986295500000000002N           2  02000598629505041900000000052230000000099N280219000000000000000030000000000000000000000000000000000000000000000100097167584991CECILIA BEATRIZ SABINO BASTOS           ARITA, 330 CENTRO OURIZONA PR                       87170000                                                            000004
100000 000000000000 00090345100325490REGTIT31442315161724     0002020000005996049300000000002N           2  01000599604928041900000000395420000000099N280319000000000000000260000000000000000000000000000000000000000000000100007776611956GLEICE PAIO VIEIRA                      ARITA, 744 CENTRO OURIZONA PR                       87170000                                                            000005
100000 000000000000 00090345100325490REGTIT31443027963418     0002020000005993393300000000002N           2  02000599339310041900000000348330000000099N160319000000000000000230000000000000000000000000000000000000000000000100093984642334RAIMUNDA PEREIRA SOUSA                  QUADRA 88 CONJ. A LOTE, 11 CS 18 COND SA            72925230                                                            000006
100000 000000000000 00090345100325490REGTIT31444478493382     0002020000005996062000000000002N           2  01000599606228041900000000386000000000099N280319000000000000000260000000000000000000000000000000000000000000000100031809554810PAMELA MERCEDES LA ROSA DIEZ            RUA MARECHAL DEODORO DA FONSECA, 139 1 B            06820210                                                            000007
100000 000000000000 00090345100325490REGTIT31444835344764     0002020000005986292000000000002N           2  02000598629205041900000000048570000000099N280219000000000000000030000000000000000000000000000000000000000000000100003140711999ANGELA MARIA DE SOUZA ROSADA            CAMPO GRANDE, 982 CENTRO OURIZONA PR                87170000                                                            000008
100000 000000000000 00090345100325490REGTIT31444928365473     0002020000005996046900000000002N           2  01000599604628041900000002480000000000099N280319000000000000001650000000000000000000000000000000000000000000000100024650288800ANTONIA OTACILIA DE SOUZA               RUA MONTEVIDEU, 1056 PARQUE PARAISO  ITA            06852470                                                            000009
100000 000000000000 00090345100325490REGTIT31445914858194     0002020000005898539500000000002N           2  02000589853923031900000000370000000000099N200518000000000000000250000000000000000000000000000000000000000000000100035679668807FELIPE ANTONIO ARAUJO NASCIMENTO        ODEMIS, 100 JARDIM UMUARAMA SAO PAULO SP            05783180                                                            000010
100000 000000000000 00090345100325490REGTIT31447349160367     0002020000005996048500000000002N           2  01000599604828041900000001030000000000099N280319000000000000000690000000000000000000000000000000000000000000000100026278396831ABRAO MELO DAMACENO                     RUA EXPEDITO DE OLIVEIRA SANTOS, 571 PAR            05821050                                                            000011
9                                                                                                                                                                                                                                                                                                                                                                                                         000012