01REMESSA01COBRANCA       00000000000004852239ISPCN                         237BRADESCO       220319        MX0003100                                                                                                                                                                                                                                                                                     000001
100000 000000000000 00090345100325490REGTIT31001319755961     0002020000005994703900000000002N           2  01000599470315041900000000089000000000099N220319000000000000000060000000000000000000000000000000000000000000000100029376599187VANIA SAS EUSTAQUIO LOPES               RUA LAUCIDIO COELHO, 167 CASA JARDIM DAS            79073780                                                            000002
100000 000000000000 00090345100325490REGTIT31001319755961     0002020000005994704700000000002N           2  01000599470415051900000000089000000000099N220319000000000000000060000000000000000000000000000000000000000000000100029376599187VANIA SAS EUSTAQUIO LOPES               RUA LAUCIDIO COELHO, 167 CASA JARDIM DAS            79073780                                                            000003
100000 000000000000 00090345100325490REGTIT31002745207241     0002020000005978529200000000002N           2  02000597852905031900000000148000000000099N050219000000000000000200000000000000000000000000000000000000000000000100072082801853FIRMINA CASEMIRA DA SILVA               JAO QD 36 LT 43, s|n QD 36 LT 43 COLINA             74970000                                                            000004
100000 000000000000 00090345100325490REGTIT31003037380414     0002020000005960093400000000002N           2  02000596009310031900000000150000000000099N031218000000000000000200000000000000000000000000000000000000000000000100027679872864SUELY PEREIRA                           PARANAGUA, 142 CASA AMADOR BUENO ITAPEVI            06680390                                                            000005
100000 000000000000 00090345100325490REGTIT31003276676870     0002020000005994721700000000002N           2  01000599472126041900000000260000000000099N220319000000000000000870000000000000000000000000000000000000000000000205089654000157INDIANA TRANSPORTES                     R RUA WALTER PEREIRA, 365 FUNDOS PQ INDL            86072400                                                            000006
100000 000000000000 00090345100325490REGTIT31004224998003     0002020000005966045700000000002N           2  02000596604507031900000000320000000000099N081218000000000000000430000000000000000000000000000000000000000000000100004139173122JESSICA PEREIRA DE LIMA SENA            RUA 24 QD 15 LT 17, S|N QD15 LT 17 SETOR            74970000                                                            000007
100000 000000000000 00090345100325490REGTIT31005569403477     0002020000005994719500000000002N           2  01000599471906041900000000260000000000099N220319000000000000000870000000000000000000000000000000000000000000000205089654000157INDIANA TRANSPORTES                     R RUA WALTER PEREIRA, 365 FUNDOS PQ INDL            86072400                                                            000008
100000 000000000000 00090345100325490REGTIT31005569403477     0002020000005994720900000000002N           2  01000599472006051900000000260000000000099N220319000000000000000870000000000000000000000000000000000000000000000205089654000157INDIANA TRANSPORTES                     R RUA WALTER PEREIRA, 365 FUNDOS PQ INDL            86072400                                                            000009
100000 000000000000 00090345100325490REGTIT31005570973298     0002020000005927839000000000002N           2  02000592783920031900000000090000000000099N210818000000000000000060000000000000000000000000000000000000000000000100070817310401GABRIELA  BEZERRA  DA  SILVA            RUA  05, N 120 PORTO  DA  ILHA PETROLINA            56300000                                                            000010
100000 000000000000 00090345100325490REGTIT31006441697656     0002020000005948451900000000002N           2  02000594845120031900000000081670000000099N221018000000000000000050000000000000000000000000000000000000000000000100000975949896NASCIMENTO  JOSE  DA  SILVA             RUA  17, N  17 QUATI  2 PETROLINA PE                56300000                                                            000011
100000 000000000000 00090345100325490REGTIT31006704749324     0002020000005978364800000000002N           2  02000597836405031900000000262000000000099N040219000000000000000170000000000000000000000000000000000000000000000100026988968172ANAIR XAVIER DE DEUS                    ARACARI, 0 Q 50 LT 14 CASA 2 COLINA AZUL            74909000                                                            000012
100000 000000000000 00090345100325490REGTIT31007021390981     0002020000005986222P00000000002N           2  02000598622227031900000000415000000000099N270219000000000000000550000000000000000000000000000000000000000000000100097840840159RAIMUNDA LACERDA ARAUJO                 RUA 12 QD 18 LT 12, s|n Q15 LT22 INDEPEN            74967100                                                            000013
100000 000000000000 00090345100325490REGTIT31007669070180     0002020000005985508800000000002N           2  02000598550820031900000000071230000000099N200219000000000000000050000000000000000000000000000000000000000000000100002000716962MARIA VICENTE BARBOSA                   QUADRA 2 LOTE 13, LOTE13 BAIXADA DA AREI            87170000                                                            000014
100000 000000000000 00090345100325490REGTIT31008605019338     0002020000005994722500000000002N           2  01000599472218041900000000400000000000099N220319000000000000000270000000000000000000000000000000000000000000000100043652050720ARQUILAU GARCIA FERREIRA                RUA HELENA FONTANA, 40 BELA CAMPO GRANDE            23071550                                                            000015
100000 000000000000 00090345100325490REGTIT31008605019338     0002020000005994723300000000002N           2  01000599472318051900000000400000000000099N220319000000000000000270000000000000000000000000000000000000000000000100043652050720ARQUILAU GARCIA FERREIRA                RUA HELENA FONTANA, 40 BELA CAMPO GRANDE            23071550                                                            000016
100000 000000000000 00090345100325490REGTIT31009533500199     0002020000005994734900000000002N           2  01000599473422041900000000300000000000099N220319000000000000000200000000000000000000000000000000000000000000000100014081153876ANGELO RUSSO FILHO                      AMADEU DA SILVA SAMELO, 572 JARDIM MARTI            05760140                                                            000017
9                                                                                                                                                                                                                                                                                                                                                                                                         000018