01REMESSA01COBRANCA       00000000000004852239ISPCN                         237BRADESCO       200319        MX0003080                                                                                                                                                                                                                                                                                     000001
100000 000000000000 00090345100325490REGTIT30801375553810     0002020000005987010900000000002N           2  02000598701015031900000000210000000000099N090319000000000000000140000000000000000000000000000000000000000000000100037564791888TAINA KRYSIA G TEIXEIRA                 OSORIO DUQUE ESTRADA, 647 JD BATIGIM SBO            13450000                                                            000002
100000 000000000000 00090345100325490REGTIT30801689289977     0002020000005939031P00000000002N           2  02000593903106031900000000300000000000099N250918000000000000000200000000000000000000000000000000000000000000000100009993020869BEATRIZ ROCHA                           ARGEMIRO CAMARGO PEDROSO, 1842 JARDIM SA            13457132                                                            000003
100000 000000000000 00090345100325490REGTIT30802410532587     0002020000005902059800000000002N           2  02000590205915031900000000330000000000099N070618000000000000000220000000000000000000000000000000000000000000000100037564791888TAINA KRYSIA G TEIXEIRA                 OSORIO DUQUE ESTRADA, 647 JD BATIGIM SBO            13450000                                                            000004
100000 000000000000 00090345100325490REGTIT30803052051203     0002020000005968430500000000002N           2  02000596843015031900000000034690000000099N221218000000000000000020000000000000000000000000000000000000000000000100011815988932RAPHAELA DOS SANTOS CAVICHIO            CAMPO GRANDE, 1131 CENTRO OURIZONA PR               87170000                                                            000005
100000 000000000000 00090345100325490REGTIT30803182140361     0002020000005994005000000000002N           2  01000599400520041900000000500000000000099N200319000000000000000330000000000000000000000000000000000000000000000100000048732893MARIA DE FATIMA VARGEM                  ARTHUR LUNDGREN, 206 JARDIM LEME SAO PAU            05790130                                                            000006
100000 000000000000 00090345100325490REGTIT30803479793253     0002020000005900251400000000002N           2  02000590025128021900000000085000000000099N290518000000000000000060000000000000000000000000000000000000000000000100002160796409GRACIANE PEREIRA DE ARAUJO              RUA:JADE, N:570 PEDRA LINDA PETROLINA PE            56300000                                                            000007
100000 000000000000 00090345100325490REGTIT30804379489326     0002020000005994006900000000002N           2  01000599400620041900000000075000000000099N200319000000000000000050000000000000000000000000000000000000000000000100006425304596WALERYA PATRYNE GOMES DOS SANTOS        PLENARIO DIAS GUIMARAES, 226 CENTRO SAO             47820000                                                            000008
100000 000000000000 00090345100325490REGTIT30805555870893     0002020000005987233000000000002N           2  02000598723310041900000000130000000000099N110319000000000000000090000000000000000000000000000000000000000000000100030877682860NOEMI SANCHES                           JOSÉ LUIS COVOLAN, 328 RESIDENCIAL FURLA            13450000                                                            000009
100000 000000000000 00090345100325490REGTIT30805603064215     0002020000005957522000000000002N           2  02000595752210031900000000100000000000099N171118000000000000000070000000000000000000000000000000000000000000000100009910385414JEFFERSON CLEITON SOUZA DE AMORIM       RUA JOSE GINIVALDO NASCIMENTO, 70 JOAO D            56300000                                                            000010
100000 000000000000 00090345100325490REGTIT30806155200000     0002020000005968417800000000002N           2  02000596841715031900000000185000000000099N211218000000000000000120000000000000000000000000000000000000000000000100040157008215MARIA IZABEL MONTEIRO SOEIRO            BACURIZINHO (SALVATERRA), 000 MARAJO  BE            66886000                                                            000011
100000 000000000000 00090345100325490REGTIT30806434514890     0002020000005976353100000000002N           2  02000597635319021900000000032800000000099N190119000000000000000020000000000000000000000000000000000000000000000100001621024962LINDIOMAR PEDRO DE OLIVEIRA             BELA VISTA, 0 CENTRO OURIZONA PR                    87100000                                                            000012
100000 000000000000 00090345100325490REGTIT30806434514890     0002020000005976354P00000000002N           2  02000597635419031900000000032800000000099N190119000000000000000020000000000000000000000000000000000000000000000100001621024962LINDIOMAR PEDRO DE OLIVEIRA             BELA VISTA, 0 CENTRO OURIZONA PR                    87100000                                                            000013
100000 000000000000 00090345100325490REGTIT30806604474973     0002020000005937585P00000000002N           2  02000593758515031900000000058350000000099N150918000000000000000040000000000000000000000000000000000000000000000100014853442472GENIVALDO  CORDEIRO  DOS  SANTOS        AVENIDA  MARECHAL HERMEM DA  FONSECA, N             56300000                                                            000014
100000 000000000000 00090345100325490REGTIT30807614407738     0002020000005948600700000000002N           2  02000594860017031900000000075000000000099N231018000000000000000050000000000000000000000000000000000000000000000100004296975463HELENO BENICIO DE LIMA                  RUA: 05, 21 PROJETO N 03 PETROLINA PE               56300000                                                            000015
100000 000000000000 00090345100325490REGTIT30808586348113     0002020000005994011500000000002N           2  01000599401120041900000001440000000000099N200319000000000000000960000000000000000000000000000000000000000000000100030826236898MARIA CELIA DE SOUZA SILVA              MARIA LUIZA FREITAS SILVA, 372 AP 7  PAR            06766340                                                            000016
100000 000000000000 00090345100325490REGTIT30808856567628     0002020000005994013100000000002N           2  01000599401320041900000000400000000000099N200319000000000000000270000000000000000000000000000000000000000000000282461310000178GUIA VEICULOS LTDA                      AV DAS TORRES 1530,  CIDADE JARDIM CURIT            81530440                                                            000017
9                                                                                                                                                                                                                                                                                                                                                                                                         000018