01REMESSA01COBRANCA       00000000000004972103WC SISTEMAS E EQUIPAMENTOS DE 237BRADESCO       130319        MX0002622                                                                                                                                                                                                                                                                                     000001
100000 000000000000 00090345100240370REGTIT26221902072282     0002020000005983313000000000002N           2  02190207228228021900000000117350000000099N080219000000000000000180000000000000000000000000000000000000000000000219955407000109A M DOS SANTOS                          RUA PEDRO MINOLI, 684                               83311196                                                            000002
9                                                                                                                                                                                                                                                                                                                                                                                                         000003