01REMESSA01COBRANCA       00000000000004972103WC SISTEMAS E EQUIPAMENTOS DE 237BRADESCO       130319        MX0002620                                                                                                                                                                                                                                                                                     000001
100000 000000000000 00090345100240370REGTIT26201810054506     0002020000005941924500000000002N           2  02181005450630101800000000184400000000099N081018000000000000000280000000000000000000000000000000000000000000000215716703000198 R L ESTACAO  MODA LTDA  ME             RUA BARBOSA FRANCO, 97                              18200170                                                            000002
9                                                                                                                                                                                                                                                                                                                                                                                                         000003