01REMESSA01COBRANCA       00000000000004972103WC SISTEMAS E EQUIPAMENTOS DE 237BRADESCO       120319        MX0002615                                                                                                                                                                                                                                                                                     000001
100000 000000000000 00090345100240370REGTIT26151902072165     0002020000005983229000000000002N           2  02190207216528021900000000099800000000099N080219000000000000000150000000000000000000000000000000000000000000000204396459000107R.G. PRESTES COMERCIO VIDRO E ESQUADRIA R PRESIDENTE HUMBERTO ALENCAR CASTELO BR            83430000                                                            000002
9                                                                                                                                                                                                                                                                                                                                                                                                         000003