01REMESSA01COBRANCA       00000000000004852239ISPCN                         237BRADESCO       010319        MX0002924                                                                                                                                                                                                                                                                                     000001
100000 000000000000 00090345100325490REGTIT29242096607875     0002020000005968557300000000002N           2  02000596855724021900000000027400000000099N241218000000000000000020000000000000000000000000000000000000000000000100010245821910IRIS DE OLIVEIRA                        BELA VISTA, 0 CENTRO OURIZONA PR                    87170000                                                            000002
100000 000000000000 00090345100325490REGTIT29245128362373     0002020000005977510600000000002N           2  02000597751026031900000000042500000000099N260119000000000000000030000000000000000000000000000000000000000000000100062153706904NATALICE SALES DE OLIVEIRA              EUCLIDES DA CUNHA, 560 CENTRO OURIZONA P            87170000                                                            000003
100000 000000000000 00090345100325490REGTIT29245607323336     0002020000005986379P00000000002N           2  01000598637910041900000000290000000000099N010319000000000000000190000000000000000000000000000000000000000000000100023354810106NELSON PEREIRA DE SANTANA               RUA DO SONHO QD 81 LT 10, s|n  QD 81 LT             74970295                                                            000004
9                                                                                                                                                                                                                                                                                                                                                                                                         000005