01REMESSA01COBRANCA       00000000000004852239ISPCN                         237BRADESCO       140319        MX0003031                                                                                                                                                                                                                                                                                     000001
100000 000000000000 00090345100325490REGTIT30311385894959     0002020000005937741000000000002N           2  02000593774110031900000000100000000000099N170918000000000000000070000000000000000000000000000000000000000000000100096307820497MARIA EDILEUZA TELES RODRIGUES          RUA: DO IMPERADOR, 27 VILA MOCÓ PETROLIN            56300000                                                            000002
100000 000000000000 00090345100325490REGTIT30311443441580     0002020000005937352000000000002N           2  01000593735213051900000000075000000000099N140918000000000000000050000000000000000000000000000000000000000000000100092721320530JOSÉ MARQUES BRANDÃO NETO               RUA 05, 10 JARDIM FLORIDA  JUAZEIRO  BA             56300000                                                            000003
100000 000000000000 00090345100325490REGTIT30311494393977     0002020000005978819400000000002N           2  01000597881913051900000000155000000000099N060219000000000000000100000000000000000000000000000000000000000000000100002286468206ELIZANGELA NAELLE DOS SANTOS SILVA      ALAGOAS, 520A JUCARA IMPERATRIZ MA                  65919170                                                            000004
100000 000000000000 00090345100325490REGTIT30311500633925     0002020000005966921700000000002N           2  01000596692113051900000000080000000000099N131218000000000000000130000000000000000000000000000000000000000000000100001113707950MARIA ROSANA RODRIGUES                  EMERSON GREBOGE, 1090 COLONIA MURICI SAO            83085480                                                            000005
100000 000000000000 00090345100325490REGTIT30311612180512     0002020000005898630800000000002N           2  02000589863018021900000000110000000000099N210518000000000000000070000000000000000000000000000000000000000000000100002699919489FRANCISCO DE JESUS NASCIMENTO           10, 45 SÃO JORGE PETROLINA PE                       56300000                                                            000006
100000 000000000000 00090345100325490REGTIT30311618118422     0002020000005979061P00000000002N           2  02000597906110031900000000034730000000099N080219000000000000000020000000000000000000000000000000000000000000000100011816345989FABIO DO VALE DE OLIVEIRA               100 ALQUEIRES,  CENTRO OURIZONA PR                  87170000                                                            000007
100000 000000000000 00090345100325490REGTIT30311705749932     0002020000005957170500000000002N           2  02000595717012031900000000191670000000099N141118000000000000000130000000000000000000000000000000000000000000000100011363065440LARISSA SOARES DE OLIVEIRA              19, 27 RIO CORRENTE  PETROLINA PE                   56300000                                                            000008
100000 000000000000 00090345100325490REGTIT30311734345758     0002020000005957630800000000002N           2  02000595763002031900000000108330000000099N191118000000000000000070000000000000000000000000000000000000000000000100013353223452MAIARA DOS SANTOS LIMA                  RUA 04, 07 VILA NOVA N8 PETROLINA PE                56300000                                                            000009
100000 000000000000 00090345100325490REGTIT30311769723275     0002020000005937886700000000002N           2  01000593788613051900000000095000000000099N180918000000000000000060000000000000000000000000000000000000000000000100002151906450MARIA DO SOCORRO NUNES LIMA             RUA DAS GARDENEAS, 35 DOM MALAN PETROLIN            56300000                                                            000010
100000 000000000000 00090345100325490REGTIT30312080297515     0002020000005917937600000000002N           2  02000591793710031900000000152920000000099N190718000000000000000100000000000000000000000000000000000000000000000100063891476191LEANDRO DA ROCHA                        RUA PIA LAZZARI BERTOLDI,, 836 CASA CAMP            81490422                                                            000011
100000 000000000000 00090345100325490REGTIT30312138512589     0002020000005985487100000000002N           2  01000598548713051900000000135950000000099N190219000000000000000090000000000000000000000000000000000000000000000100004922701982THAYS BERNARDES                         EDUARDO BONJEAN, 130 UVARANAS PONTA GROS            84030010                                                            000012
100000 000000000000 00090345100325490REGTIT30312216419772     0002020000005978815100000000002N           2  01000597881513051900000000150000000000099N060219000000000000000100000000000000000000000000000000000000000000000100029713196287REGINA LUCIA DIAS VAZ                   ALAGOAS, 520A JUCARA IMPERATRIZ MA                  65919170                                                            000013
100000 000000000000 00090345100325490REGTIT30312218954935     0002020000005969320700000000002N           2  01000596932013051900000000195000000000099N030119000000000000000130000000000000000000000000000000000000000000000100004722061335MARCOS ANTONIO DA SILVA OLIVEIRA        QR 617 CONJUNTO 04, 6 NORTE SAMAMBAIA NO            72000000                                                            000014
100000 000000000000 00090345100325490REGTIT30312424262521     0002020000005939396300000000002N           2  02000593939624021900000000100000000000099N270918000000000000000070000000000000000000000000000000000000000000000100006522824400SHIRLYS KALIANA DA CONCEICAO SILVA      RUA 42, 71 SÃO GONÇALO PETROLINA PE                 56300000                                                            000015
100000 000000000000 00090345100325490REGTIT30312458672510     0002020000005926468300000000002N           2  01000592646813051900000000100000000000099N130818000000000000000170000000000000000000000000000000000000000000000100002262318956ELIAS EVANGELISTA FARIAS                ELEOTERIA CORDEIRO DA SILVA, 05 ZONA 06             87015500                                                            000016
100000 000000000000 00090345100325490REGTIT30312498593880     0002020000005958118200000000002N           2  02000595811821021900000000091670000000099N221118000000000000000060000000000000000000000000000000000000000000000100070879678437IVONEIDE PEREIRA DA CONCEICAO           RUA 05, 250 FERNANDO IDALINO  PETROLINA             56300000                                                            000017
100000 000000000000 00090345100325490REGTIT30312531679111     0002020000005929056000000000002N           2  02000592905621021900000000118750000000099N270818000000000000000080000000000000000000000000000000000000000000000100081643446568MISSILENE DA SILVA APOSTOLO             RUA: VILA NOVA, 12 PROJETO N 02 PETROLIN            56300000                                                            000018
100000 000000000000 00090345100325490REGTIT30312602036210     0002020000005940542200000000002N           2  01000594054213051900000000500000000000099N031018000000000000000330000000000000000000000000000000000000000000000100032202198881VIVIAN CRISTINA BARBOSA                 CORONEL DOMINGOS QUIRINO FERREIRA, 96 JA            05756360                                                            000019
100000 000000000000 00090345100325490REGTIT30312619825601     0002020000005967034700000000002N           2  01000596703413051900000000333330000000099N131218000000000000000220000000000000000000000000000000000000000000000100001789018900APARECIDA DE FATIMA FRANCISCO DE SOUZA  RUA RIU PELOTAS, 224 JD WEISOPOLI  PINHA            83322330                                                            000020
100000 000000000000 00090345100325490REGTIT30312852917557     0002020000005958642700000000002N           2  02000595864224021900000000139000000000099N241118000000000000000090000000000000000000000000000000000000000000000100002498826980FATIMA CATARINA RODRIGUES VOLPATO       CAMPO GRANDE, 1314 CENTRO OURIZONA PR               87170000                                                            000021
100000 000000000000 00090345100325490REGTIT30312852917557     0002020000005958643500000000002N           2  02000595864324031900000000139000000000099N241118000000000000000090000000000000000000000000000000000000000000000100002498826980FATIMA CATARINA RODRIGUES VOLPATO       CAMPO GRANDE, 1314 CENTRO OURIZONA PR               87170000                                                            000022
100000 000000000000 00090345100325490REGTIT30312921157938     0002020000005977724900000000002N           2  02000597772415031900000000072380000000099N290119000000000000000050000000000000000000000000000000000000000000000100096056959953MARCIA ELIANE MULATI NASRALLAH          BELA VISTA, 997 CENTRO OURIZONA PR                  87170000                                                            000023
100000 000000000000 00090345100325490REGTIT30313063706217     0002020000005783172600000000002N           2  01000578317213051900000000450000000000099N090817000000000000000300000000000000000000000000000000000000000000000100038109141854RENAN FONSECA DE SOUSA                  GUERREIRO, 303 JARDIM ROSANA SAO PAULO S            05795210                                                            000024
100000 000000000000 00090345100325490REGTIT30313110476984     0002020000005966975600000000002N           2  01000596697513051900000000096470000000099N131218000000000000000060000000000000000000000000000000000000000000000100001655109944IRACI CORREA PEREIRA                    ANTONIO,, 926 CAAS CENTRO RONCADOR PR               87320000                                                            000025
100000 000000000000 00090345100325490REGTIT30313160049195     0002020000005978681700000000002N           2  01000597868113051900000000175000000000099N060219000000000000000120000000000000000000000000000000000000000000000100086494929249MARIA ODETE BATISTA DA SILVA            ALAGOAS, 520A JUCARA IMPERATRIZ MA                  65919170                                                            000026
100000 000000000000 00090345100325490REGTIT30313196131512     0002020000005957119500000000002N           2  02000595711910031900000000125000000000099N141118000000000000000080000000000000000000000000000000000000000000000100038627043434MARIA CICERA DE ARAUJO                  RUA DANTAS BARRETO, 272 VILA EDUARDO  PE            56300000                                                            000027
100000 000000000000 00090345100325490REGTIT30313303097511     0002020000005949015200000000002N           2  02000594901519031900000000075000000000099N251018000000000000000050000000000000000000000000000000000000000000000100086567926449SUZANA REGINA DA SILVA                  RUA: 05, 115 JARDIM PETROPOLIS PETROLINA            56300000                                                            000028
100000 000000000000 00090345100325490REGTIT30313387752878     0002020000005967013400000000002N           2  01000596701313051900000000060000000000099N131218000000000000000100000000000000000000000000000000000000000000000100086006525968ROBERTO ADEMIR LINO                     HABIB SARKIS, 218 AFONSO PENA SAO JOSE D            83045725                                                            000029
100000 000000000000 00090345100325490REGTIT30313397724102     0002020000005897063000000000002N           2  01000589706313051900000000045000000000099N140518000000000000000080000000000000000000000000000000000000000000000100006518386908AMANDA LUCIANI BURAS                    RIO IPIRANGA, 211 WEISSOPOLIS PINHAIS PR            83322320                                                            000030
100000 000000000000 00090345100325490REGTIT30313518480530     0002020000005928928700000000002N           2  01000592892813051900000001000000000000099N270818000000000000000670000000000000000000000000000000000000000000000100001654673986ERLIA REGINA PITANTE BARDDALL           CORONEL MACHADO LOPES, 1056 JARDIM SANTA            83302250                                                            000031
100000 000000000000 00090345100325490REGTIT30313546061428     0002020000005957320100000000002N           2  01000595732013051900000000187000000000099N141118000000000000000120000000000000000000000000000000000000000000000100005292307475ADENILSON DE FARIAS LIMA                RUA RIO PORÇAO, 45 JOSE MARIA  PETROLINA            56300000                                                            000032
100000 000000000000 00090345100325490REGTIT30313588976706     0002020000005992872700000000002N           2  01000599287215041900000000270000000000099N140319000000000000000180000000000000000000000000000000000000000000000100024684090272ANA DAS GRAÇAS SOARES GOMES             MEDEIROS, 2 CRUZEIRO (ICOARACI) BELEM PA            66810660                                                            000033
100000 000000000000 00090345100325490REGTIT30313601777507     0002020000005978827500000000002N           2  01000597882713051900000000150000000000099N060219000000000000000100000000000000000000000000000000000000000000000100059588098220VALDEMIR SANTANA DA SILVA               ALAGOAS, 520A JUCARA IMPERATRIZ MA                  65919170                                                            000034
100000 000000000000 00090345100325490REGTIT30313653346105     0002020000005909027800000000002N           2  02000590902713031900000000100000000000099N190618000000000000000070000000000000000000000000000000000000000000000100008646977838MARIA DA CRUZ MACEDO VELOSO             R. ATUCUPE, 342 JARDIM LEÔNIDAS MOREIRA             05792050                                                            000035
100000 000000000000 00090345100325490REGTIT30313653346105     0002020000005909029400000000002N           2  01000590902913051900000000100000000000099N190618000000000000000070000000000000000000000000000000000000000000000100008646977838MARIA DA CRUZ MACEDO VELOSO             R. ATUCUPE, 342 JARDIM LEÔNIDAS MOREIRA             05792050                                                            000036
100000 000000000000 00090345100325490REGTIT30313672702088     0002020000005931022700000000002N           2  02000593102206031900000000106250000000099N050918000000000000000070000000000000000000000000000000000000000000000100018789196449RAIMUNDA NILA GONCALVES                 ARE: 19, LOTE: 1911 PROJETO MARIA TEREZA            56300000                                                            000037
100000 000000000000 00090345100325490REGTIT30313790165132     0002020000005985776500000000002N           2  02000598577609031900000000250000000000099N220219000000000000000330000000000000000000000000000000000000000000000201239951000180Novo tempo industria e comercio de artig,  ALTO MARACANA COLOMBO PR                         83408450                                                            000038
100000 000000000000 00090345100325490REGTIT30313836762503     0002020000005967023100000000002N           2  01000596702313051900000000060000000000099N131218000000000000000100000000000000000000000000000000000000000000000100009310675969GISELE LUANA MARQUES                    EMERSON GREBOGE, 1090 COLONIA MURICI SAO            83085480                                                            000039
100000 000000000000 00090345100325490REGTIT30314065937196     0002020000005940634800000000002N           2  02000594063420021900000000175820000000099N031018000000000000000120000000000000000000000000000000000000000000000100040952053004FRANCISCO DAVI MERELES                  DOUTOR LEOPOLDO GUIMARAES DA CUNHA, 234             84035310                                                            000040
100000 000000000000 00090345100325490REGTIT30314105718036     0002020000005992863800000000002N           2  01000599286313041900000000106080000000099N130319000000000000000070000000000000000000000000000000000000000000000100009224778178JOAO VICTOR RODRIGUES CARDOSO           RUA ITATIAIA, 3 A CENTRO NAVIRAI MA                 19032500                                                            000041
100000 000000000000 00090345100325490REGTIT30314105718036     0002020000005992864600000000002N           2  01000599286413051900000000106080000000099N130319000000000000000070000000000000000000000000000000000000000000000100009224778178JOAO VICTOR RODRIGUES CARDOSO           RUA ITATIAIA, 3 A CENTRO NAVIRAI MA                 19032500                                                            000042
100000 000000000000 00090345100325490REGTIT30314188011785     0002020000005926267200000000002N           2  02000592626705031900000000068750000000099N110818000000000000000050000000000000000000000000000000000000000000000100006397567435ETELVINA MENDES DA SILVA                RUA J1 , BLOCO RIO PANTANIO, AP 101 VIVE            56300000                                                            000043
100000 000000000000 00090345100325490REGTIT30314324637067     0002020000005992868900000000002N           2  01000599286816041900000000120000000000099N140319000000000000000080000000000000000000000000000000000000000000000100014632683272ISA MARIA GOMES DA SILVA                RUA CORONEL JUVENCIO SARMENTO, 733 CRUZE            66810080                                                            000044
100000 000000000000 00090345100325490REGTIT30314444737455     0002020000005984121400000000002N           2  02000598412110031900000000032450000000099N090219000000000000000020000000000000000000000000000000000000000000000100011816345989FABIO DO VALE DE OLIVEIRA               100 ALQUEIRES,  CENTRO OURIZONA PR                  87170000                                                            000045
100000 000000000000 00090345100325490REGTIT30314463822286     0002020000005938915P00000000002N           2  02000593891528021900000000091670000000099N240918000000000000000060000000000000000000000000000000000000000000000100003961049408MARIA JOSE DOS SANTOS                   SITIO, S|N PROJETO MARIA TEREZA PETROLIN            56300000                                                            000046
100000 000000000000 00090345100325490REGTIT30314475459700     0002020000005917958900000000002N           2  02000591795805031900000000100000000000099N190718000000000000000070000000000000000000000000000000000000000000000100097579084449DEUSIVAN COSTA LIMA                     RUA: B, 30 PROJETO N 03 PETROLINA PE                56300000                                                            000047
100000 000000000000 00090345100325490REGTIT30314480560541     0002020000005930113900000000002N           2  02000593011328021900000000070000000000099N010918000000000000000050000000000000000000000000000000000000000000000100028689291415JUVENAL ALVES FILHO                     SITIO BAIXA DA BOA VISTA, S|N  PROXIMO A            56300000                                                            000048
100000 000000000000 00090345100325490REGTIT30314552956637     0002020000005926733P00000000002N           2  02000592673310031900000000100000000000099N140818000000000000000070000000000000000000000000000000000000000000000100021384363491RAIMUNDO ANTONIO DE SOUZA               RUA: 03, 165 COSME E DAMIAO PETROLINA PE            56300000                                                            000049
100000 000000000000 00090345100325490REGTIT30314597363873     0002020000005967049500000000002N           2  01000596704913051900000000120000000000099N131218000000000000000080000000000000000000000000000000000000000000000100072225998191CLELIA MIRANDA PUGAS BARBOSA            ARROZ DE CIMA, S|N CENTRO FORMOSA DO RIO            47990000                                                            000050
100000 000000000000 00090345100325490REGTIT30314654557990     0002020000005948096300000000002N           2  02000594809610041900000000050000000000099N191018000000000000000030000000000000000000000000000000000000000000000100021384363491RAIMUNDO ANTONIO DE SOUZA               RUA: 03, 165 COSME E DAMIAO PETROLINA PE            56300000                                                            000051
100000 000000000000 00090345100325490REGTIT30314869509442     0002020000005992763100000000002N           2  01000599276313051900000000333330000000099N130319000000000000000220000000000000000000000000000000000000000000000100037782740827RENE LENO DA SILVA                      NAE MINEI, 345 PARQUE MARABA TABOAO DA S            06766050                                                            000052
100000 000000000000 00090345100325490REGTIT30314972593030     0002020000005931261000000000002N           2  02000593126105031900000000082000000000099N060918000000000000000050000000000000000000000000000000000000000000000100005361848441LIDIA  MARIA  RAMOS                     RUA  30, N 141 PARQUE  JATOBA PETROLINA             56300000                                                            000053
100000 000000000000 00090345100325490REGTIT30315043684707     0002020000005931471000000000002N           2  02000593147108031900000000085000000000099N080918000000000000000060000000000000000000000000000000000000000000000100002167667450MARIA  DO  CARMO  DE  LIMA   SANTOS     RUA POCO  DA  CAZE, 01 NOVA  DESCOBERTA             56300000                                                            000054
100000 000000000000 00090345100325490REGTIT30315070564676     0002020000005758936400000000002N           2  01000575893613051900000000507710000000099N130617000000000000000340000000000000000000000000000000000000000000000100008446304970JOSE CARLOS ALVES                       RUA BELMIRO GOUVEIA, 57 CASA TACANIÇA RI            83540000                                                            000055
100000 000000000000 00090345100325490REGTIT30315252960137     0002020000005937861100000000002N           2  02000593786105031900000000100000000000099N180918000000000000000070000000000000000000000000000000000000000000000100045819211472EUGENIA  MARIA  DOS  SANTOS  NOGUEIRA   AVENIDA  03, N 56 VILA  VITORIA PETROLIN            56300000                                                            000056
100000 000000000000 00090345100325490REGTIT30315370431024     0002020000005928231200000000002N           2  02000592823120021900000000070000000000099N230818000000000000000050000000000000000000000000000000000000000000000100009842787451ALINE CRISTIANE DOS SANTOS              RUA 19, 30 SAO GONCALO PETROLINA PE                 56300000                                                            000057
100000 000000000000 00090345100325490REGTIT30315602743650     0002020000005978690600000000002N           2  01000597869013051900000000132000000000099N060219000000000000000090000000000000000000000000000000000000000000000100037194283204MARIA DO CARMO DOS SANTOS TIMOTEO       ALAGOAS, 520A JUCARA IMPERATRIZ MA                  65919170                                                            000058
100000 000000000000 00090345100325490REGTIT30315639802589     0002020000005930581900000000002N           2  02000593058110031900000000125000000000099N040918000000000000000080000000000000000000000000000000000000000000000100002116195403MARIA GORETE DOS SANTOS                 RUA G 1 BLOCO GONGORJI, 10 AP 102 VIVEND            56300000                                                            000059
100000 000000000000 00090345100325490REGTIT30315700127565     0002020000005984584800000000002N           2  01000598458413051900000000145000000000099N130219000000000000000100000000000000000000000000000000000000000000000100011435348249LUZIA OSCARINA DA SILVA                 LORENCO FARIAS, 999 CENTRO SAO DESIDERIO            47820000                                                            000060
100000 000000000000 00090345100325490REGTIT30315701403721     0002020000005986624100000000002N           2  02000598662418031900000000491490000000099N060319000000000000000330000000000000000000000000000000000000000000000231135972000117TG EDUCAÇAO S/A ,MATRIZ                 RUA VERISSIMO MARQUES, 584 CENTRO SAO JO            83005410                                                            000061
100000 000000000000 00090345100325490REGTIT30315800848619     0002020000005970156000000000002N           2  02000597015610031900000000300000000000099N100119000000000000000200000000000000000000000000000000000000000000000100033275878840SELMA ALVES SILVA                       ELZA MARINA DOHOCZKI, 84 JARDIM MARIA LU            06770210                                                            000062
100000 000000000000 00090345100325490REGTIT30315892143145     0002020000005931341200000000002N           2  02000593134128021900000000100000000000099N060918000000000000000070000000000000000000000000000000000000000000000100003489251407ROSILEIDE ROSA PEREIRA NUNES            RUA: 10, 231 TERRA DO SUL PETROLINA PE              56300000                                                            000063
100000 000000000000 00090345100325490REGTIT30316004970471     0002020000005984578300000000002N           2  01000598457813051900000000100000000000099N130219000000000000000070000000000000000000000000000000000000000000000100000491994125DIONEZINO  PEREIRA DE A. SOARES         QEDINO PEREIRA, 350 CENTRO SAO DESIDERIO            47820000                                                            000064
100000 000000000000 00090345100325490REGTIT30316041984309     0002020000005986240800000000002N           2  01000598624013051900000000392750000000099N270219000000000000000260000000000000000000000000000000000000000000000207308155000139LIMA VARIEDADES E PRESENTES             ANICETO ZACCHI, 705 SL03 PONTE DO IMARUI            88130301                                                            000065
100000 000000000000 00090345100325490REGTIT30316111475481     0002020000005984262800000000002N           2  02000598426220021900000000228670000000099N110219000000000000000150000000000000000000000000000000000000000000000100002128911036TIAGO GONÇALVES AMARO                   OLMA AVELINE CEZAR 430, 430 CASA CENTRO             96765000                                                            000066
100000 000000000000 00090345100325490REGTIT30316119317437     0002020000005937256700000000002N           2  02000593725610031900000000100000000000099N130918000000000000000070000000000000000000000000000000000000000000000100010319941493ANDREYA ALVES DA SILVA                  TRAVESSA DA RUA:05, N:10 PROJETO N:03 PE            56300000                                                            000067
100000 000000000000 00090345100325490REGTIT30316123885748     0002020000005958652400000000002N           2  02000595865224021900000000043700000000099N241118000000000000000030000000000000000000000000000000000000000000000100005111393900CLAUDINEIA DOS REIS DA SILVA            FLORIANOPOLIS, 334 CASA CONJUNTO HENRIQU            87170000                                                            000068
100000 000000000000 00090345100325490REGTIT30316181555576     0002020000005902331700000000002N           2  02000590233110031900000000120000000000099N080618000000000000000080000000000000000000000000000000000000000000000100001950063488BRUNO GONZAGA                           JOAQUINA PAIVA NETO, 211 LOTEAMENTO RECI            56300000                                                            000069
100000 000000000000 00090345100325490REGTIT30316277803261     0002020000005987753700000000002N           2  01000598775313051900000000132500000000099N130319000000000000000090000000000000000000000000000000000000000000000100003829874545CANICE VIEIRA  D BARROS                 POVOADO ALMAS, S|N CENTRO SAO DESIDERIO             47820000                                                            000070
100000 000000000000 00090345100325490REGTIT30316300498325     0002020000005919608400000000002N           2  02000591960826021900000000050000000000099N300718000000000000000030000000000000000000000000000000000000000000000100059242973491EDVALDO AMANCIO DE LIRA                 B, 26 PREJETO C1 PETROLINA PE                       56300000                                                            000071
100000 000000000000 00090345100325490REGTIT30316300498325     0002020000005919609200000000002N           2  02000591960926031900000000050000000000099N300718000000000000000030000000000000000000000000000000000000000000000100059242973491EDVALDO AMANCIO DE LIRA                 B, 26 PREJETO C1 PETROLINA PE                       56300000                                                            000072
100000 000000000000 00090345100325490REGTIT30316413449781     0002020000005938984200000000002N           2  02000593898419031900000000100000000000099N250918000000000000000070000000000000000000000000000000000000000000000100007699552407ANA  PAULA  DA  SILVA  LIMA             RUA  C, N 73 C 2 PISNO PETROLINA PE                 56300000                                                            000073
100000 000000000000 00090345100325490REGTIT30316429976324     0002020000005970075000000000002N           2  02000597007512031900000000366810000000099N100119000000000000000240000000000000000000000000000000000000000000000100025392913504NAIR LIMA SAMPAIO                       OLIMPIO RODRIGUES DE ARAUJO,  JARDIM MAC            05894390                                                            000074
100000 000000000000 00090345100325490REGTIT30316515748645     0002020000005987539900000000002N           2  02000598753912031900000000980000000000099N110319000000000000000650000000000000000000000000000000000000000000000100006243498964ROSIANE KREPEL                          PEDRO POLATI, 62 MARUMBI PIRAQUARA PR               83304380                                                            000075
100000 000000000000 00090345100325490REGTIT30316623738598     0002020000005957069500000000002N           2  01000595706913051900000000500000000000099N131118000000000000000330000000000000000000000000000000000000000000000100032443425827ELISABETE DA SILVA                      FERNANDES SARZEDAS, 4 PARQUE REGINA SAO             05774290                                                            000076
100000 000000000000 00090345100325490REGTIT30316765853683     0002020000005956702300000000002N           2  02000595670210031900000000250000000000099N121118000000000000000170000000000000000000000000000000000000000000000100004397398291ULISSES DIAS SIQUEIRA                   SOUZA FRANCO, 2890 ICOARACI BELEM  PA               66811880                                                            000077
100000 000000000000 00090345100325490REGTIT30316780330729     0002020000005957347300000000002N           2  01000595734713051900000000075000000000099N161118000000000000000050000000000000000000000000000000000000000000000100000832234443LICIA RAFFAELA FREIRA AMORIM            RUA ZUMBI DOS PALMARES, 15 BAIRRO THOMAS            56300000                                                            000078
100000 000000000000 00090345100325490REGTIT30316929052981     0002020000005966180100000000002N           2  02000596618010031900000000034930000000099N101218000000000000000020000000000000000000000000000000000000000000000100010102971986CAMILA DOS SANTOS FERBONI               MACHADO DE ASSIS, 923 CENTRO OURIZONA PR            87170000                                                            000079
100000 000000000000 00090345100325490REGTIT30316967431166     0002020000005927757200000000002N           2  02000592775728021900000000115000000000099N200818000000000000000080000000000000000000000000000000000000000000000100078656613553INEUDA DO NASCIMENTO DINIZ              ILHA DO MASSAGANO, 000 CASA ILHA DO MASS            56300000                                                            000080
100000 000000000000 00090345100325490REGTIT30317084731422     0002020000005957664200000000002N           2  02000595766406031900000000121350000000099N191118000000000000000080000000000000000000000000000000000000000000000100002550094450LINDOMAR DIAS RODRIGUES                 RUA D, 24 PROX A CHACARA FIGUEROA PROJET            56300000                                                            000081
100000 000000000000 00090345100325490REGTIT30317090028201     0002020000005951488400000000002N           2  02000595148810031900000000048900000000099N091118000000000000000030000000000000000000000000000000000000000000000100005036597974VALDIRENE LOPES DE SOUZA                IBIRAPITANGA, 0 FAZENDA BURITI CENTRO MA            87170000                                                            000082
100000 000000000000 00090345100325490REGTIT30317157298727     0002020000005929032300000000002N           2  02000592903210031900000000100000000000099N270818000000000000000070000000000000000000000000000000000000000000000100074792369487MARLUCE FERNANDES CAVALCANTE SANTOS     RUA: 08, 22 COSME E DAMIAO PETROLINA PE             56300000                                                            000083
100000 000000000000 00090345100325490REGTIT30317171236409     0002020000005949102700000000002N           2  02000594910214031900000000042980000000099N251018000000000000000030000000000000000000000000000000000000000000000100010102971986CAMILA DOS SANTOS FERBONI               MACHADO DE ASSIS, 923 CENTRO OURIZONA PR            87170000                                                            000084
100000 000000000000 00090345100325490REGTIT30317247578298     0002020000005978673600000000002N           2  01000597867313051900000000100000000000099N060219000000000000000070000000000000000000000000000000000000000000000100002662286237VALDINEA DE MIRANDA MENDONÇA            ALAGOAS, 520A JUCARA IMPERATRIZ MA                  65919170                                                            000085
100000 000000000000 00090345100325490REGTIT30317273416072     0002020000005899020800000000002N           2  02000589902021021900000000099000000000099N220518000000000000000070000000000000000000000000000000000000000000000100007524725426ELBER DA SILVA                          RUA 29, 71 PARQUE JATOBÁ PETROLINA PE               56300000                                                            000086
100000 000000000000 00090345100325490REGTIT30317301549907     0002020000005978713900000000002N           2  01000597871313051900000000120000000000099N060219000000000000000080000000000000000000000000000000000000000000000100085966053200MILCA DA SILVA LEÃO                     ALAGOAS, 520A JUCARA IMPERATRIZ MA                  65919170                                                            000087
100000 000000000000 00090345100325490REGTIT30317333400924     0002020000005957393700000000002N           2  02000595739301031900000000100000000000099N161118000000000000000070000000000000000000000000000000000000000000000100022657339468LUCIA MARIA ALVES DA SILVA              RUA JASMIM MANGA, 381 NOVA VIDA 1 PETROL            56300000                                                            000088
100000 000000000000 00090345100325490REGTIT30317647573173     0002020000005984581300000000002N           2  01000598458113051900000000100000000000099N130219000000000000000070000000000000000000000000000000000000000000000100006515593597GEISLANE SANTOS DE JESUS                SANTA MARIA, 84 CENTRO SAO DESIDERIO BA             47820000                                                            000089
100000 000000000000 00090345100325490REGTIT30317668992363     0002020000005947311800000000002N           2  01000594731113051900000000096120000000099N131018000000000000000060000000000000000000000000000000000000000000000100006128935966DOUGLAS SILVA DE JESUS                  BOCAIUVA, 452 CASA CENTRO OURIZONA PR               87170000                                                            000090
100000 000000000000 00090345100325490REGTIT30317673173927     0002020000005977491600000000002N           2  02000597749110031900000000139840000000099N250119000000000000000090000000000000000000000000000000000000000000000100040952053004FRANCISCO DAVI MERELES                  DOUTOR LEOPOLDO GUIMARAES DA CUNHA, 234             84035310                                                            000091
100000 000000000000 00090345100325490REGTIT30317734529135     0002020000005987067200000000002N           2  02000598706709041900000000700000000000099N090319000000000000000470000000000000000000000000000000000000000000000100091509483500ZELIA BARBOSA DE ALMEIDA                JOAO BAZZOLI, 73 JARDIM SAINT MORITZ TAB            06787655                                                            000092
100000 000000000000 00090345100325490REGTIT30317807685248     0002020000005969733400000000002N           2  02000596973315031900000001006410000000099N080119000000000000000670000000000000000000000000000000000000000000000100004546311893MARCO ANTONIO DOS SANTOS                NOVE DE JULHO, 1289 AP131 BELA VISTA SAO            01313000                                                            000093
100000 000000000000 00090345100325490REGTIT30317899850714     0002020000005976898300000000002N           2  02000597689821021900000000218750000000099N230119000000000000000150000000000000000000000000000000000000000000000208195565000183MERCADO DOURADOS(JULIO)                 AV.ANTONIO NUNES DA ROCHA, 380 RIO PEQUE            83070020                                                            000094
100000 000000000000 00090345100325490REGTIT30318054038546     0002020000005957075P00000000002N           2  02000595707513031900000000051100000000099N131118000000000000000030000000000000000000000000000000000000000000000100003576606920NANCI ROCHA                             CAMPO GRANDE, 46 CASA FUNDO CENTRO OURIZ            87170000                                                            000095
100000 000000000000 00090345100325490REGTIT30318054038546     0002020000005957077600000000002N           2  01000595707713051900000000051100000000099N131118000000000000000030000000000000000000000000000000000000000000000100003576606920NANCI ROCHA                             CAMPO GRANDE, 46 CASA FUNDO CENTRO OURIZ            87170000                                                            000096
100000 000000000000 00090345100325490REGTIT30318129833419     0002020000005951126500000000002N           2  02000595112610031900000001549320000000099N071118000000000000001030000000000000000000000000000000000000000000000100003460005998VALDECI MOISES DE LIMA                  BENTO CANDIDO DA SILVA, 443 CENTRO ITAMB            86375000                                                            000097
100000 000000000000 00090345100325490REGTIT30318193673288     0002020000005957177200000000002N           2  02000595717705031900000000095000000000099N141118000000000000000060000000000000000000000000000000000000000000000100007616294405ELIANE DA COSTA SANTOS                  RUA B, 30 PROJETO N3 PETROLINA PE                   56300000                                                            000098
100000 000000000000 00090345100325490REGTIT30318349682750     0002020000005984848000000000002N           2  02000598484814031900000000336410000000099N140219000000000000000220000000000000000000000000000000000000000000000100031927090814ADRIANO OLIVEIRA MOTA                   SAO FRANCISCO, 1800 AP141 BL D JARDIM HE            06764290                                                            000099
100000 000000000000 00090345100325490REGTIT30318359940027     0002020000005959025400000000002N           2  02000595902508031900000000058330000000099N271118000000000000000040000000000000000000000000000000000000000000000100036802786591LAURITA  DE   SOUZA                     40, 250 SAO GONÇALO PETROLINA PE                    56300000                                                            000100
100000 000000000000 00090345100325490REGTIT30318381672484     0002020000005984634800000000002N           2  02000598463412031900000000449470000000099N130219000000000000000300000000000000000000000000000000000000000000000100016376720803MALVINA DO NASCIMENTO                   DA GRANJA, 145 CASA 2 BARNABÉS JUQUITIBA            06950000                                                            000101
100000 000000000000 00090345100325490REGTIT30318444632602     0002020000005978659000000000002N           2  01000597865913051900000000110000000000099N060219000000000000000070000000000000000000000000000000000000000000000100059370742204MARIA RODRIGUES CABRAL                  ALAGOAS, 520A JUCARA IMPERATRIZ MA                  65919170                                                            000102
100000 000000000000 00090345100325490REGTIT30318736940051     0002020000005987782000000000002N           2  01000598778213051900000000100000000000099N130319000000000000000070000000000000000000000000000000000000000000000100000877322546JURANDIR BATISTA DE SOUZA               OSCAR PAIS LANDIM, 2207 CASA CENTRO FORM            47800000                                                            000103
100000 000000000000 00090345100325490REGTIT30318838531287     0002020000005960084500000000002N           2  02000596008410031900000000183200000000099N031218000000000000000120000000000000000000000000000000000000000000000100040952053004FRANCISCO DAVI MERELES                  DOUTOR LEOPOLDO GUIMARAES DA CUNHA, 234             84035310                                                            000104
100000 000000000000 00090345100325490REGTIT30318853076986     0002020000005986623300000000002N           2  02000598662314031900000000341700000000099N060319000000000000000230000000000000000000000000000000000000000000000231135972000117TG EDUCAÇAO S/A ,MATRIZ                 RUA VERISSIMO MARQUES, 584 CENTRO SAO JO            83005410                                                            000105
100000 000000000000 00090345100325490REGTIT30318871858078     0002020000005959733P00000000002N           2  02000595973315031900000000495310000000099N301118000000000000000330000000000000000000000000000000000000000000000100005209662950JAISON LEANDRO SILVERIO                 34 CONJUNTO 4 LOTE 1A4, 401 APTO BL 10 C            71880774                                                            000106
100000 000000000000 00090345100325490REGTIT30318926520583     0002020000005950532P00000000002N           2  02000595053209031900000000083330000000099N061118000000000000000060000000000000000000000000000000000000000000000100009026375417JAILENE   DE  CARVALHO  RODRIGUES       QUADRA  C, N 108 PROJETO  N5 PETROLINA P            56300000                                                            000107
100000 000000000000 00090345100325490REGTIT30318996512794     0002020000005986233500000000002N           2  01000598623313051900000000641670000000099N270219000000000000000430000000000000000000000000000000000000000000000207982815000162SHOPPING 10                             PREFEITO JOSE KOERING, 5380 SL3 CENTRO S            88140000                                                            000108
100000 000000000000 00090345100325490REGTIT30319243585637     0002020000005950204500000000002N           2  02000595020401031900000000116670000000099N011118000000000000000080000000000000000000000000000000000000000000000100070955904439DAYLANE FLORIANO LOPES                  QUADRA H, 17 PROJETO N9  PETROLINA PE               56300000                                                            000109
100000 000000000000 00090345100325490REGTIT30319508801756     0002020000005931329300000000002N           2  02000593132906031900000000133350000000099N060918000000000000000090000000000000000000000000000000000000000000000100000823677443ANTONIA LUCIENE DE SOUZA                RUA: 12, 270 VILA DEBORA PETROLINA PE               56300000                                                            000110
100000 000000000000 00090345100325490REGTIT30319527692844     0002020000005939588500000000002N           2  02000593958825021900000000100000000000099N270918000000000000000070000000000000000000000000000000000000000000000100003152799403COSME DE SOUZA DA CUNHA                 SITIO POÇO, S|N POÇO PETROLINA PE                   56300000                                                            000111
100000 000000000000 00090345100325490REGTIT30319548962927     0002020000005959205200000000002N           2  02000595920528021900000000112500000000099N281118000000000000000080000000000000000000000000000000000000000000000100008337713534MARLENE IZABEL DOS SANTOS               RUA RIO SAO FRANCISCO, 88 JOSE MARIA  PE            56300000                                                            000112
100000 000000000000 00090345100325490REGTIT30319597484477     0002020000005949741600000000002N           2  02000594974115021900000000075000000000099N301018000000000000000050000000000000000000000000000000000000000000000100007119661175VINICIUS LIMA DA SILVA                  RUA: 58, 38 JOAO DE DEUS PETROLINA PE               56300000                                                            000113
100000 000000000000 00090345100325490REGTIT30319597484477     0002020000005949742400000000002N           2  02000594974215031900000000075000000000099N301018000000000000000050000000000000000000000000000000000000000000000100007119661175VINICIUS LIMA DA SILVA                  RUA: 58, 38 JOAO DE DEUS PETROLINA PE               56300000                                                            000114
100000 000000000000 00090345100325490REGTIT30319603639120     0002020000005977309P00000000002N           2  01000597730913051900000000075000000000099N240119000000000000000130000000000000000000000000000000000000000000000100004819547917ELAINE MEDEIROS IEZAK                   CATARINA KNAPIK, 355 CENTRO QUATRO BARRA            83420000                                                            000115
100000 000000000000 00090345100325490REGTIT30319643628170     0002020000005939003400000000002N           2  02000593900328021900000000066250000000099N250918000000000000000040000000000000000000000000000000000000000000000100005319620403MARLENE BARRETO DE LIMA                 RUA 05, 616 ANTONIO CASSIMIRO  PETROLINA            56300000                                                            000116
100000 000000000000 00090345100325490REGTIT30319663992987     0002020000005984640200000000002N           2  02000598464013031900000000167500000000099N130219000000000000000110000000000000000000000000000000000000000000000100005952547800MARIA DAS GRACAS GOMES                  AGLAE REIS, 71 JARDIM CLARICE SAO PAULO             05870010                                                            000117
100000 000000000000 00090345100325490REGTIT30319709723898     0002020000005969871300000000002N           2  02000596987110031900000000120000000000099N090119000000000000000080000000000000000000000000000000000000000000000100008092154384JULIANA MARIA BARBOSA DIAS              NOSSA SENHORA DA CONCEICAO, 2 BRASILIA (            66845822                                                            000118
100000 000000000000 00090345100325490REGTIT30319726547064     0002020000005966294800000000002N           2  02000596629415031900000000084670000000099N101218000000000000000060000000000000000000000000000000000000000000000100096056959953MARCIA ELIANE MULATI NASRALLAH          BELA VISTA, 997 CENTRO OURIZONA PR                  87170000                                                            000119
9                                                                                                                                                                                                                                                                                                                                                                                                         000120