01REMESSA01COBRANCA       00000000000004972103WC SISTEMAS E EQUIPAMENTOS DE 237BRADESCO       280319        MX0002673                                                                                                                                                                                                                                                                                     000001
100000 000000000000 00090345100240370REGTIT2673912011943      0002020000000000000300000000002N           2  02091201194328120900000000098300000000099N081209000000000000000150000000000000000000000000000000000000000000000278369881000100OTICA J GODY LTDA                       RUA DOMINGOS SCUCATO , 467                          83501020                                                            000002
100000 000000000000 00090345100240370REGTIT26731001011943     0002020000000000000300000000002N           2  02100101194330011000000000049150000000099N140110000000000000000070000000000000000000000000000000000000000000000278369881000100OTICA J GODY LTDA                       RUA DOMINGOS SCUCATO , 467                          83501020                                                            000003
100000 000000000000 00090345100240370REGTIT26731002011943     0002020000000000000300000000002N           2  02100201194328021000000000049150000000099N100210000000000000000070000000000000000000000000000000000000000000000278369881000100OTICA J GODY LTDA                       RUA DOMINGOS SCUCATO , 467                          83501020                                                            000004
9                                                                                                                                                                                                                                                                                                                                                                                                         000005