01REMESSA01COBRANCA       00000000000004852239ISPCN                         237BRADESCO       250319        MX0003115                                                                                                                                                                                                                                                                                     000001
100000 000000000000 00090345100325490REGTIT31152003755643     0002020000005994238P00000000002N           2  02000599423820041900000000700000000000099N210319000000000000000470000000000000000000000000000000000000000000000203846642000285JATINOX                                 AVENIDA DOS PINHEIRAIS, 2209 CAPELA VELH            83705570                                                            000002
100000 000000000000 00090345100325490REGTIT31152107873447     0002020000005994237100000000002N           2  02000599423720041900000000700000000000099N210319000000000000000470000000000000000000000000000000000000000000000203846642000285JATINOX                                 AVENIDA DOS PINHEIRAIS, 2209 CAPELA VELH            83705570                                                            000003
100000 000000000000 00090345100325490REGTIT31155383095505     0002020000005995464700000000002N           2  01000599546425041900000000383800000000099N250319000000000000000260000000000000000000000000000000000000000000000281213951000140JAFGAS                                  ALBINO KAMINSKI, 644 BAIRRO ALTO CURITIB            82820310                                                            000004
9                                                                                                                                                                                                                                                                                                                                                                                                         000005