01REMESSA01COBRANCA       00000000000004852239ISPCN                         237BRADESCO       070319        MX0002982                                                                                                                                                                                                                                                                                     000001
100000 000000000000 00090345100325490REGTIT29821143175855     0002020000005978259500000000002N           2  02000597825902031900000002171170000000099N020219000000000000001450000000000000000000000000000000000000000000000100039975469833NATHAN SCHMICKLER                       JOSE VICTOR VIEIRA, 274 A CENTRO JUQUITI            06950000                                                            000002
100000 000000000000 00090345100325490REGTIT29821257426676     0002020000005950654700000000002N           2  02000595065407031900000000176000000000099N061118000000000000000230000000000000000000000000000000000000000000000100019165617134PAULO RODRIGUIES DOS SANTOS             50 QD 104 LT 23 SEM NUMERO,  QD 104 LT 2            74967370                                                            000003
100000 000000000000 00090345100325490REGTIT29821298833485     0002020000005948767400000000002N           2  02000594876710031900000000272000000000099N241018000000000000000180000000000000000000000000000000000000000000000100028037880206PAULO NAZARENO DOS REISN GAIA           TITO FRANCO, 20 SAO JOAO DO OUTEIRO (OUT            66840095                                                            000004
100000 000000000000 00090345100325490REGTIT29821546199826     0002020000005975940200000000002N           2  02000597594005031900000000170000000000099N160119000000000000000110000000000000000000000000000000000000000000000100074714520210RAIMUNDO CAMPOS BARBOSA                 RUA MAGALHAES BARATA, 110, 110 COTIJUBA             66846001                                                            000005
100000 000000000000 00090345100325490REGTIT29821772965494     0002020000005978337000000000002N           2  02000597833705031900000000051870000000099N040219000000000000000030000000000000000000000000000000000000000000000100010071409920MARCELO HENRIQUE DA SILVA               BELA VISTA, 0 CENTRO OURIZONA PR                    87170000                                                            000006
100000 000000000000 00090345100325490REGTIT29821782930095     0002020000005957350300000000002N           2  02000595735005031900000000220000000000099N161118000000000000000150000000000000000000000000000000000000000000000100083364692220SHIRLEY RODRIGUES DA SILVA              L 1 CONJUNTO PARACURI, 10 ICOARACI BELEM            66823010                                                            000007
100000 000000000000 00090345100325490REGTIT29822292322044     0002020000005986717500000000002N           2  01000598671725031900000000250000000000099N070319000000000000000420000000000000000000000000000000000000000000000217542940000105METALURGICA ADS                         R ANTONIO CONTIM MENDES, 3 QUADRA: 30 LO            84072020                                                            000008
100000 000000000000 00090345100325490REGTIT29822490670403     0002020000005978248P00000000002N           2  02000597824801031900000000107200000000099N010219000000000000000070000000000000000000000000000000000000000000000100035949651987NELSON PEDRO BATHEKE                    DOMINGOS AGABITO BUDEL, 221 BUTIATUVINHA            82400390                                                            000009
100000 000000000000 00090345100325490REGTIT29822563638062     0002020000005918588000000000002N           2  02000591858815031900000000560000000000099N230718000000000000000370000000000000000000000000000000000000000000000100002164690826CARLOS ALBERTO MOREIRA NIZ              OLIMPIO PINTO DE OLIVEIRA, 101 VILA BOLD            13450000                                                            000010
100000 000000000000 00090345100325490REGTIT29823169207399     0002020000005911321900000000002N           2  02000591132110031900000000070000000000099N070718000000000000000090000000000000000000000000000000000000000000000100006571265192NILTON CESAR SOUSA PEREIRA              RUA PEDRO DE OLIVEIRA QD 08 LT 05 SERRA             74970000                                                            000011
100000 000000000000 00090345100325490REGTIT29823223393898     0002020000005977413400000000002N           2  02000597741310031900000000179000000000099N250119000000000000000120000000000000000000000000000000000000000000000100011131942000MARINA DE FATIMA ALMEIDA COSTA          RUA COLTINGA QD07 LT46, 0 QD07 LT46 COLI            74970000                                                            000012
100000 000000000000 00090345100325490REGTIT29823237033432     0002020000005966123200000000002N           2  02000596612310031900000000050260000000099N081218000000000000000030000000000000000000000000000000000000000000000100008867173960GESSICA ALINE CARUZO                    ARITA, 880 CASA CENTRO OURIZONA PR                  87170000                                                            000013
100000 000000000000 00090345100325490REGTIT29823755768247     0002020000005956829100000000002N           2  02000595682901031900000000070000000000099N121118000000000000000050000000000000000000000000000000000000000000000100056245947472HERMANO DOS SANTOS                      RUA RIACHO DO MEL, 14 JOSE MARIA  PETROL            56300000                                                            000014
100000 000000000000 00090345100325490REGTIT29823920115712     0002020000005960613400000000002N           2  02000596061305031900000000043520000000099N051218000000000000000030000000000000000000000000000000000000000000000100074486268920MARIA ZULEIDE DA SILVA                  FLORIANOPOLIS, 506 CENTRO OURIZONA PR               87170000                                                            000015
100000 000000000000 00090345100325490REGTIT29824226017966     0002020000005969289800000000002N           2  02000596928910031900000000022160000000099N030119000000000000000010000000000000000000000000000000000000000000000100008867173960GESSICA ALINE CARUZO                    ARITA, 880 CASA CENTRO OURIZONA PR                  87170000                                                            000016
100000 000000000000 00090345100325490REGTIT29824237266311     0002020000005925986800000000002N           2  02000592598609031900000000040050000000099N090818000000000000000030000000000000000000000000000000000000000000000100008867173960GESSICA ALINE CARUZO                    ARITA, 880 CASA CENTRO OURIZONA PR                  87170000                                                            000017
100000 000000000000 00090345100325490REGTIT29824296081575     0002020000005926807700000000002N           2  02000592680715021900000000346000000000099N140818000000000000000230000000000000000000000000000000000000000000000100025492167847VALERIA RODRIGUES DOS SANTOS            PAULO AYRES, 75 PARQUE PINHEIROS TABOAO             06767220                                                            000018
100000 000000000000 00090345100325490REGTIT29824404063071     0002020000005968742800000000002N           2  02000596874210031900000000170000000000099N261218000000000000000110000000000000000000000000000000000000000000000100000568262220WANDERSON DE SOUZA CHAVES               SANTOS DOS SANTOS, 134 TAPANA (ICOARACI)            66825620                                                            000019
100000 000000000000 00090345100325490REGTIT29824603062358     0002020000005967329P00000000002N           2  02000596732915021900000000042670000000099N151218000000000000000030000000000000000000000000000000000000000000000100003917276992ROSALINA MARIN DE CAMARGO               BELA VISTA, 1647 CENTRO OURIZONA PR                 87170000                                                            000020
100000 000000000000 00090345100325490REGTIT29824603062358     0002020000005967330300000000002N           2  02000596733015031900000000042670000000099N151218000000000000000030000000000000000000000000000000000000000000000100003917276992ROSALINA MARIN DE CAMARGO               BELA VISTA, 1647 CENTRO OURIZONA PR                 87170000                                                            000021
100000 000000000000 00090345100325490REGTIT29825374300972     0002020000005970049100000000002N           2  02000597004909031900000000257000000000099N090119000000000000000340000000000000000000000000000000000000000000000100004181331156DIOGO BATISTA DA SILVA                  69, 0 Q K56 LT 10 INDEPENDENCIA APARECID            74966330                                                            000022
100000 000000000000 00090345100325490REGTIT29825374300972     0002020000005970050500000000002N           2  02000597005009041900000000257000000000099N090119000000000000000340000000000000000000000000000000000000000000000100004181331156DIOGO BATISTA DA SILVA                  69, 0 Q K56 LT 10 INDEPENDENCIA APARECID            74966330                                                            000023
100000 000000000000 00090345100325490REGTIT29825443477622     0002020000005917142100000000002N           2  02000591714213031900000000041130000000099N130718000000000000000030000000000000000000000000000000000000000000000100044769466153NELSON DE OLIVEIRA                      100 ALQUEIRES, 0 ZONA RURAL OURIZONA PR             87170000                                                            000024
100000 000000000000 00090345100325490REGTIT29825559749719     0002020000005946704500000000002N           2  02000594670410031900000000068860000000099N091018000000000000000050000000000000000000000000000000000000000000000100044769466153NELSON DE OLIVEIRA                      100 ALQUEIRES, 0 ZONA RURAL OURIZONA PR             87170000                                                            000025
100000 000000000000 00090345100325490REGTIT29825788222257     0002020000005927726200000000002N           2  02000592772615021900000000108350000000099N200818000000000000000070000000000000000000000000000000000000000000000100003014283444UMBERLANDIA MARCOS DOS SANTOS           SOBRADINHO, 245 JOSÉ MARIA  PETROLINA  P            56300000                                                            000026
100000 000000000000 00090345100325490REGTIT29825975702524     0002020000005966443600000000002N           2  02000596644307031900000000490000000000099N111218000000000000000820000000000000000000000000000000000000000000000100000370102800GIVAR XAVIER DO NASCIMENTO              ,  BAIRRO ALTO CURITIBA PR                          82820090                                                            000027
100000 000000000000 00090345100325490REGTIT29826038185792     0002020000005940623200000000002N           2  02000594062310031900000000125000000000099N031018000000000000000080000000000000000000000000000000000000000000000100013941012878LUCIMEIRE APDE SOUZA VITORIANO          VENEZUELA, 304 JARDIM BELO HORIZONTE SAN            13450192                                                            000028
100000 000000000000 00090345100325490REGTIT29827307069458     0002020000005948464000000000002N           2  02000594846422021900000000325000000000099N221018000000000000000220000000000000000000000000000000000000000000000100041196603898LAIS FERNANDO GOMES                     HERMES DA FONSECA, 213 JD ITAMARATI SANT            13450000                                                            000029
100000 000000000000 00090345100325490REGTIT29827486579236     0002020000005926320200000000002N           2  02000592632015021900000000450000000000099N110818000000000000000300000000000000000000000000000000000000000000000100019917876855ELIANE CRISTINA PEREIRA DE OLIVEIRA     ARAUCARIA, 312 PLANTA ARACATUBA PIRAQUAR            83301420                                                            000030
100000 000000000000 00090345100325490REGTIT29828081524028     0002020000005869444700000000002N           2  02000586944410021900000000100000000000099N100318000000000000000070000000000000000000000000000000000000000000000100050460242172ROSARIA PEREIRA DOS SANTOS              PORTO RICO ETAPA CENTRO QD 03 LOTE, 15 S            72504003                                                            000031
100000 000000000000 00090345100325490REGTIT29828230935393     0002020000005946745200000000002N           2  02000594674520021900000000195000000000099N101018000000000000000130000000000000000000000000000000000000000000000100016784988825JACIRA DOS SANTOS                       ROLDÃO JORGE PATRÍCIO, 311 CONJ DOS TRAB            13450000                                                            000032
100000 000000000000 00090345100325490REGTIT29828269034561     0002020000005966478900000000002N           2  02000596647810031900000000072800000000099N111218000000000000000050000000000000000000000000000000000000000000000100044769466153NELSON DE OLIVEIRA                      100 ALQUEIRES, 0 ZONA RURAL OURIZONA PR             87170000                                                            000033
100000 000000000000 00090345100325490REGTIT29828307268218     0002020000005900664100000000002N           2  02000590066428021900000000046000000000099N010618000000000000000030000000000000000000000000000000000000000000000100002020697459OZENI ROQUE DA SILVA                    RUA 14, 31 JOÃO DE DEUS  PETROLINA PE               56300000                                                            000034
100000 000000000000 00090345100325490REGTIT29828307268218     0002020000005900665P00000000002N           2  02000590066528031900000000046000000000099N010618000000000000000030000000000000000000000000000000000000000000000100002020697459OZENI ROQUE DA SILVA                    RUA 14, 31 JOÃO DE DEUS  PETROLINA PE               56300000                                                            000035
100000 000000000000 00090345100325490REGTIT29828395826704     0002020000005986716700000000002N           2  01000598671602041900000000450000000000099N070319000000000000000300000000000000000000000000000000000000000000000278365566000104ZINCOPAR                                AUGUSTO DIAS PAREDES, 744 BOQUEIRAO CURI            81730100                                                            000036
100000 000000000000 00090345100325490REGTIT29828995999015     0002020000005957927700000000002N           2  02000595792715031900000000046350000000099N211118000000000000000030000000000000000000000000000000000000000000000100002578422923ANGELA MARIA RODRIGUES                  SANTA ANTONIO, 0 CENTRO OURIZONA PR                 87170000                                                            000037
100000 000000000000 00090345100325490REGTIT29829077754273     0002020000005947190500000000002N           2  02000594719010021900000000150000000000099N111018000000000000000100000000000000000000000000000000000000000000000100002195644427ROSILDA BARBOSA DE CARVALHO             RUA 04, 310 B ANTONIO CASSIMIRO  PETROLI            56300000                                                            000038
100000 000000000000 00090345100325490REGTIT29829160407893     0002020000005947636200000000002N           2  02000594763608021900000000133750000000099N161018000000000000000090000000000000000000000000000000000000000000000100054094925449REGINALDO FERREIRA DE SOUZA             RUA CAMPINA DA TABOTA, 410 GERCINO COELH            56300000                                                            000039
100000 000000000000 00090345100325490REGTIT29829960313658     0002020000005986715900000000002N           2  01000598671505041900000001000000000000099N070319000000000000000670000000000000000000000000000000000000000000000232797526000130LAVA-CAR UNIAO                          RUA EMANOEL ERNESTO BERTOLDI, 1442 COMER            81490532                                                            000040
9                                                                                                                                                                                                                                                                                                                                                                                                         000041