01REMESSA01COBRANCA       00000000000004852239ISPCN                         237BRADESCO       280319        MX0003142                                                                                                                                                                                                                                                                                     000001
100000 000000000000 00090345100325490REGTIT31421612180512     0002020000005898631600000000002N           2  02000589863118031900000000110000000000099N210518000000000000000070000000000000000000000000000000000000000000000100002699919489FRANCISCO DE JESUS NASCIMENTO           10, 45 SÃO JORGE PETROLINA PE                       56300000                                                            000002
100000 000000000000 00090345100325490REGTIT31421637186797     0002020000005995963000000000002N           2  01000599596328041900000003200000000000099N280319000000000000002130000000000000000000000000000000000000000000000100033792705800VANESSA APARECIDA BATISTA               ESTRADA M JOSE FERRAS PRADO, 480 CHACARA            06845100                                                            000003
100000 000000000000 00090345100325490REGTIT31422285771104     0002020000005986295500000000002N           2  02000598629505041900000000052230000000099N280219000000000000000030000000000000000000000000000000000000000000000100097167584991CECILIA BEATRIZ SABINO BASTOS           ARITA, 330 CENTRO OURIZONA PR                       87170000                                                            000004
100000 000000000000 00090345100325490REGTIT31423027963418     0002020000005993393300000000002N           2  02000599339310041900000000348330000000099N160319000000000000000230000000000000000000000000000000000000000000000100093984642334RAIMUNDA PEREIRA SOUSA                  QUADRA 88 CONJ. A LOTE, 11 CS 18 COND SA            72925230                                                            000005
100000 000000000000 00090345100325490REGTIT31423691586624     0002020000005995965700000000002N           2  01000599596528041900000001650000000000099N280319000000000000001100000000000000000000000000000000000000000000000100001386548839CICERO PEDRO CAVALCANTE                 RUA JERUSALEM, 121,  VL VALENTIM - RIBEI            09400000                                                            000006
100000 000000000000 00090345100325490REGTIT31424339733314     0002020000005995961400000000002N           2  01000599596128041900000002560000000000099N280319000000000000001710000000000000000000000000000000000000000000000100037705263840DEYSE PEREIRA DA SILVA                  RUA JOSE DE ARAUJO NOVAES, 644 VILA MONT            06717190                                                            000007
100000 000000000000 00090345100325490REGTIT31424835344764     0002020000005986292000000000002N           2  02000598629205041900000000048570000000099N280219000000000000000030000000000000000000000000000000000000000000000100003140711999ANGELA MARIA DE SOUZA ROSADA            CAMPO GRANDE, 982 CENTRO OURIZONA PR                87170000                                                            000008
100000 000000000000 00090345100325490REGTIT31425518499269     0002020000005995967300000000002N           2  01000599596728041900000002384000000000099N280319000000000000001590000000000000000000000000000000000000000000000100011700185802MARCOS ALVES DOS SANTOS                 RUA JOAO MEIMBERG, 18 3 JARDIM SAO LUIS             05843300                                                            000009
100000 000000000000 00090345100325490REGTIT31425544556010     0002020000005995969P00000000002N           2  01000599596928041900000002700000000000099N280319000000000000001800000000000000000000000000000000000000000000000100018758286802ELIELSON DA SILVA LIMA                  RUA SANTANA DO IPANEMA, 750 CUMBICA GUAR            07180000                                                            000010
100000 000000000000 00090345100325490REGTIT31426090118773     0002020000005995971100000000002N           2  01000599597128041900000000420000000000099N280319000000000000000280000000000000000000000000000000000000000000000100041165950391ESMAEL AMARAL DE SOUSA                  RUA SAO FRANCISCO, 431 CIDADE INDUSTRIAL            64012002                                                            000011
100000 000000000000 00090345100325490REGTIT31426878609648     0002020000005995959200000000002N           2  01000599595928041900000002500000000000099N280319000000000000001670000000000000000000000000000000000000000000000100027785514844SILANDIA ALCANTARA SILVA                RUA LAGO VITORIA, 4 TR PARQUE LIGIA SAO             05857385                                                            000012
9                                                                                                                                                                                                                                                                                                                                                                                                         000013