01REMESSA01COBRANCA       00000000000004972103WC SISTEMAS E EQUIPAMENTOS DE 237BRADESCO       110319        MX0002606                                                                                                                                                                                                                                                                                     000001
100000 000000000000 00090345100240370REGTIT26061512058340     0000000090005130526800000000002N           2  02151205834028121500000000142330000000099N101215000000000000000000000000000000000000000000000000000000000000000211436531000148PEDRO NERI DA SILVA COMERCIO DE VIDROS  RUA LIMOEIRO, 474                                   83820437                                                            000002
100000 000000000000 00090345100240370REGTIT26061601058340     0000000090005188119600000000002N           2  02160105834029011600000000088440000000099N120116000000000000000000000000000000000000000000000000000000000000000211436531000148PEDRO NERI DA SILVA COMERCIO DE VIDROS  RUA LIMOEIRO, 474                                   83820437                                                            000003
100000 000000000000 00090345100240370REGTIT26061602058340     0000000090005242508900000000002N           2  02160205834029021600000000072800000000099N150216000000000000000000000000000000000000000000000000000000000000000211436531000148PEDRO NERI DA SILVA COMERCIO DE VIDROS  RUA LIMOEIRO, 474                                   83820437                                                            000004
100000 000000000000 00090345100240370REGTIT26061603058340     0000000090005295185600000000002N           2  02160305834031031600000000072800000000099N140316000000000000000000000000000000000000000000000000000000000000000211436531000148PEDRO NERI DA SILVA COMERCIO DE VIDROS  RUA LIMOEIRO, 474                                   83820437                                                            000005
100000 000000000000 00090345100240370REGTIT26061901067633     0002020000005972502800000000002N           2  04190106763330011900000000144800000000099N110119000000000000000220000000000000000000000000000000000000000011590207911468000187ADEMILSON RODRIGUES SANTOS              RUA RUTILDO PULIDO, 470                             82980620                                                            000006
100000 000000000000 00090345100240370REGTIT26061902059837     0002020000005979872600000000002N           2  02190205983728021900000000296800000000099N080219000000000000000450000000000000000000000000000000000000000000000217241489000196ANNA PAULA MALAQUIAS                    RUA ARAUCARIA, 249                                  84050340                                                            000007
100000 000000000000 00090345100240370REGTIT26061902070959     0002020000005982448400000000002N           2  02190207095928021900000000134800000000099N080219000000000000000200000000000000000000000000000000000000000000000209605370000127ALVES E SOUZA CENTER                    AV MANOEL RIBAS , 924                               83708353                                                            000008
100000 000000000000 00090345100240370REGTIT260699726749931    0002020090005986774500000000002N           2  02997267499308031900000000150000000000099N070319000000000000000230000000000000000000000000000000000000000000000229910707000117MARCIA FERREIRA LOPES LASTRA            R VISCONDE DO RIO BRANCO, 1818                      83005420                                                            000009
100000 000000000000 00090345100240370REGTIT2606995834033859   0002020090005987181500000000002N           2  01995834033811051900000000188180000000099N110319000000000000000280000000000000000000000000000000000000000000000211436531000148PEDRO NERI DA SILVA COMERCIO DE VIDROS  RUA LIMOEIRO, 474                                   83820437                                                            000010
100000 000000000000 00090345100240370REGTIT2606995834059608   0002020090005987180700000000002N           2  01995834059611041900000000188180000000099N110319000000000000000280000000000000000000000000000000000000000000000211436531000148PEDRO NERI DA SILVA COMERCIO DE VIDROS  RUA LIMOEIRO, 474                                   83820437                                                            000011
100000 000000000000 00090345100240370REGTIT2606997275237856   0002020090005987177700000000002N           2  01997275237815031900000000144510000000099N110319000000000000000220000000000000000000000000000000000000000000000100004024167910ALLAN RAIMUNDO DA SILVA                 RUA FATIMA BARK, 423                                81130270                                                            000012
100000 000000000000 00090345100240370REGTIT2606997275247865   0002020090005987179300000000002N           2  01997275247815051900000000144510000000099N110319000000000000000220000000000000000000000000000000000000000000000100004024167910ALLAN RAIMUNDO DA SILVA                 RUA FATIMA BARK, 423                                81130270                                                            000013
100000 000000000000 00090345100240370REGTIT2606997275292474   0002020090005987178500000000002N           2  01997275292415041900000000144510000000099N110319000000000000000220000000000000000000000000000000000000000000000100004024167910ALLAN RAIMUNDO DA SILVA                 RUA FATIMA BARK, 423                                81130270                                                            000014
9                                                                                                                                                                                                                                                                                                                                                                                                         000015