01REMESSA01COBRANCA       00000000000004852239ISPCN                         237BRADESCO       280319        MX0003139                                                                                                                                                                                                                                                                                     000001
100000 000000000000 00090345100325490REGTIT31391172538784     0002020000005977555600000000002N           2  01000597755527051900000000115000000000099N270119000000000000000080000000000000000000000000000000000000000000000100001356977510ROSIENE ARAUJO DA SILVA                 JOAQUIM AUGUSTO SILVA, 1266 CENTRO F DO             47990000                                                            000002
100000 000000000000 00090345100325490REGTIT31391315760989     0002020000005958209P00000000002N           2  01000595820927051900000000440000000000099N221118000000000000000290000000000000000000000000000000000000000000000100028349626852EDNILSON DE SOUZA RIBEIRO               CHICAGO, 34 CASA 03 JARDIM SANTA EMILIA             06820360                                                            000003
100000 000000000000 00090345100325490REGTIT31391374423528     0002020000005986277700000000002N           2  01000598627727051900000000125000000000099N270219000000000000000080000000000000000000000000000000000000000000000100062062158572ERNANE PEREIRA LIMA FILHO               JOSE LELIS, 1620 CENTRO FORMOSA DO RIO P            47990000                                                            000004
100000 000000000000 00090345100325490REGTIT31391396597242     0002020000005986265300000000002N           2  01000598626527051900000000099600000000099N270219000000000000000070000000000000000000000000000000000000000000000100001156564212JESSICA  THUANY DA SILVA PINHEIRO       RUA MAE DA CHUVA  QD 237, 04 PROXIMO A U            68447000                                                            000005
100000 000000000000 00090345100325490REGTIT31391443441580     0002020000005937350400000000002N           2  02000593735013031900000000075000000000099N140918000000000000000050000000000000000000000000000000000000000000000100092721320530JOSÉ MARQUES BRANDÃO NETO               RUA 05, 10 JARDIM FLORIDA  JUAZEIRO  BA             56300000                                                            000006
100000 000000000000 00090345100325490REGTIT31392409599481     0002020000005939607500000000002N           2  01000593960727051900000000190000000000099N270918000000000000000130000000000000000000000000000000000000000000000100051775592898DALILA VALESCA BRICIO SANTOS            RODRIGUES ALVES, 16 VILA MAFALDA TABOAO             06783360                                                            000007
100000 000000000000 00090345100325490REGTIT31392467207850     0002020000005966405300000000002N           2  02000596640505031900000000202250000000099N101218000000000000000130000000000000000000000000000000000000000000000100001647213983LUCIA APARECIDA DA ROCHA DO PRADO       JABURU, 1311 CAPELA VELHA ARAUCARIA PR              83706400                                                            000008
100000 000000000000 00090345100325490REGTIT31392504788007     0002020000005977572600000000002N           2  01000597757227051900000000120000000000099N270119000000000000000080000000000000000000000000000000000000000000000100000512196540LUZINEIDE RIBEIRO DOS SANTOS            EMILIA, 91 CENTRO FORMOSA DO RIO PRETO B            47990000                                                            000009
100000 000000000000 00090345100325490REGTIT31392801426052     0002020000005939409900000000002N           2  01000593940927051900000000250000000000099N270918000000000000000170000000000000000000000000000000000000000000000100003399153902ILTON LEANDRO DE SOUZA JUNIOR           ,  PLANTA ARACATUBA PIRAQUARA PR                    83301590                                                            000010
100000 000000000000 00090345100325490REGTIT31392887853429     0002020000005968984600000000002N           2  01000596898427051900000000121000000000099N271218000000000000000080000000000000000000000000000000000000000000000100000689672926PATRICIA ALVES                          ITARARE, 759 CENTRO  OURIZONA PR                    87170000                                                            000011
100000 000000000000 00090345100325490REGTIT31393011789048     0002020000005967321400000000002N           2  02000596732115031900000000052380000000099N151218000000000000000030000000000000000000000000000000000000000000000100001779124996LEILA DINIZ DOS SANTOS                  BELA VISTA,  CENTRO OURIZONA PR                     87170000                                                            000012
100000 000000000000 00090345100325490REGTIT31393152128880     0002020000005995792100000000002N           2  01000599579227051900000000250000000000099N270319000000000000000170000000000000000000000000000000000000000000000100004017680232OZELIELPEREIRA E PEREIRA                RUA 21, SN QD 108 LT 13 GARAVELO SUL HID            75340000                                                            000013
100000 000000000000 00090345100325490REGTIT31393464478651     0002020000005965859200000000002N           2  02000596585905031900000000120000000000099N071218000000000000000080000000000000000000000000000000000000000000000100002665712202ARIELLY CRISTINA DE ANDRADE SERRA       SANTA ISABEL, 697 CRUZEIRO (ICOARACI) BE            66810090                                                            000014
100000 000000000000 00090345100325490REGTIT31393500471611     0002020000005976856800000000002N           2  02000597685620031900000000145000000000099N220119000000000000000100000000000000000000000000000000000000000000000100091568757204CLAUDILEIA SIQUEIRA DA COSTA            SANTA MARIA, 7 TENONE BELEM PA                      66820240                                                            000015
100000 000000000000 00090345100325490REGTIT31393822775996     0002020000005995921500000000002N           2  01000599592127051900000000300000000000099N270319000000000000000200000000000000000000000000000000000000000000000100002180190506YONARA DA SILVA LIMA                    SALVIANO SOARES, 83 CENTRO SAO DESIDERIO            47820000                                                            000016
100000 000000000000 00090345100325490REGTIT31394075571517     0002020000005968091100000000002N           2  02000596809120031900000000440000000000099N201218000000000000000290000000000000000000000000000000000000000000000100017269059268HILDEMAR NAZARENO SOUZA BRITO           SANHACO (CJ BENJAMIM SODRE), Casa 3 PARQ            66635270                                                            000017
100000 000000000000 00090345100325490REGTIT31394119532907     0002020000005995926600000000002N           2  01000599592602041900000000195000000000099N280319000000000000000130000000000000000000000000000000000000000000000280260052000136LUVASUL INDUSTRIAL LTDA                 R PEDRO TREVISAN, 297 COLONIA RIO GRANDE            83025580                                                            000018
100000 000000000000 00090345100325490REGTIT31394149223793     0002020000005939570200000000002N           2  01000593957027051900000000190000000000099N270918000000000000000130000000000000000000000000000000000000000000000100027945873820SAIONARA CARDOSO SANTOS                 ASTURICA, 620 JARDIM MITSUTANI SAO PAULO            05791030                                                            000019
100000 000000000000 00090345100325490REGTIT31394394081210     0002020000005919248800000000002N           2  01000591924827051900000000100000000000099N270718000000000000000070000000000000000000000000000000000000000000000100060705477053MARIA JANDIRA DIAS RIBEIRO              FERMINIANO CARDOS DE FRAGA, 785 CASA AUG            94400000                                                            000020
100000 000000000000 00090345100325490REGTIT31394464479378     0002020000005976518600000000002N           2  02000597651821031900000000250000000000099N210119000000000000000170000000000000000000000000000000000000000000000100070607966149ENIGSON PAULO DA SILVA MACEDO           QR1031 CONJ09 CASA40, 40 SAMAMBAIA NORTE            72000000                                                            000021
100000 000000000000 00090345100325490REGTIT31394527355084     0002020000005977559900000000002N           2  01000597755927051900000000120000000000099N270119000000000000000080000000000000000000000000000000000000000000000100001686951540MAGNOLIA ALVES DE AMORIM LACERDA        JOSE LELIS, 1622 CASA CENTRO FORMOSA DO             47999000                                                            000022
100000 000000000000 00090345100325490REGTIT31394587654893     0002020000005979057100000000002N           2  02000597905728031900000000045000000000099N080219000000000000000030000000000000000000000000000000000000000000000100025535442860MARIA JOSE MARTINS                      RUA DOZE, 101 JARDIM ALVORADA MONTE MOR             13190000                                                            000023
100000 000000000000 00090345100325490REGTIT31394653172687     0002020000005993461100000000002N           2  01000599346127051900000000072000000000099N180319000000000000000050000000000000000000000000000000000000000000000100068249462300FRANCISCA DIASSIZA REIS SILVA           RUA ALAGOAS, 520 JUCARA IMPERATRIZ MA               65919170                                                            000024
100000 000000000000 00090345100325490REGTIT31394669330823     0002020000005958888800000000002N           2  02000595888826031900000000109500000000099N261118000000000000000070000000000000000000000000000000000000000000000100046807853149PAULINA DOS SANTOS NERES                QR 417 CONJ 05 CS, 7 PROPRIA NORTE SAMAM            72000000                                                            000025
100000 000000000000 00090345100325490REGTIT31394835344764     0002020000005986292000000000002N           2  02000598629205041900000000048570000000099N280219000000000000000030000000000000000000000000000000000000000000000100003140711999ANGELA MARIA DE SOUZA ROSADA            CAMPO GRANDE, 982 CENTRO OURIZONA PR                87170000                                                            000026
100000 000000000000 00090345100325490REGTIT31394859865316     0002020000005959187000000000002N           2  02000595918728021900000000122500000000099N281118000000000000000080000000000000000000000000000000000000000000000100005973028470CLEZILDA LAYS RODRIGUES DA COSTA        RUA FURNA, S|N PONTA DA SERRA PETROLINA             56300000                                                            000027
100000 000000000000 00090345100325490REGTIT31394986207145     0002020000005986129000000000002N           2  02000598612926031900000000088330000000099N260219000000000000000060000000000000000000000000000000000000000000000100091622972872AMARO SILVA LIMA                        ESTRADA DO GUAVIRUTUBA, 1320 VILA SANTA             04937000                                                            000028
100000 000000000000 00090345100325490REGTIT31395002501321     0002020000005977581500000000002N           2  01000597758127051900000000125000000000099N270119000000000000000080000000000000000000000000000000000000000000000100005360020539JULIANA DIAS DOS SANTOS                 ANASTACIO DIAS, 1547 CENTRO FORMOSA DO R            47990000                                                            000029
100000 000000000000 00090345100325490REGTIT31395177041147     0002020000005977568800000000002N           2  01000597756827051900000000145000000000099N270119000000000000000100000000000000000000000000000000000000000000000100053730542915MARCIO  JOSE BERNARDO                   CRUZEIRO, 887 CENTRO FORMOSA DO RIO PRET            47990000                                                            000030
100000 000000000000 00090345100325490REGTIT31395518414729     0002020000005930060400000000002N           2  01000593006027051900000000155000000000099N310818000000000000000100000000000000000000000000000000000000000000000100062197568434GEVALTO PORFIRIO BRAZ                   RUA: 02, 131 TERRA DO SUL PETROLINA PE              56300000                                                            000031
100000 000000000000 00090345100325490REGTIT31395635010744     0002020000005968965P00000000002N           2  01000596896527051900000000028050000000099N271218000000000000000020000000000000000000000000000000000000000000000100004799468928EDINEIA DA SILVA                        VILA RURAL, 0 CENTRO OURIZONA PR                    87170000                                                            000032
100000 000000000000 00090345100325490REGTIT31395691858459     0002020000005977550500000000002N           2  01000597755027051900000000128000000000099N270119000000000000000090000000000000000000000000000000000000000000000100094158614520LUIZ CLAUDIO DE SOUZA OLIVEIRA          JOSE LELIS, 1585 CENTRO FORMOSA DO RIO P            47990000                                                            000033
100000 000000000000 00090345100325490REGTIT31396041984309     0002020000005986242400000000002N           2  01000598624227051900000000392750000000099N270219000000000000000260000000000000000000000000000000000000000000000207308155000139LIMA VARIEDADES E PRESENTES             ANICETO ZACCHI, 705 SL03 PONTE DO IMARUI            88130301                                                            000034
100000 000000000000 00090345100325490REGTIT31396316508861     0002020000005919237200000000002N           2  01000591923727051900000000100000000000099N270718000000000000000070000000000000000000000000000000000000000000000100060705477053MARIA JANDIRA DIAS RIBEIRO              FERMINIANO CARDOS DE FRAGA, 785 CASA AUG            94400000                                                            000035
100000 000000000000 00090345100325490REGTIT31396847105034     0002020000005968913700000000002N           2  01000596891327051900000000128000000000099N271218000000000000000090000000000000000000000000000000000000000000000100000524316309MALVIENE GOMES DE OLIVEIRA              BAHIA, 731 CENTRO FORMOSA DO RIO PRETO B            47990000                                                            000036
100000 000000000000 00090345100325490REGTIT31396896803039     0002020000005916868400000000002N           2  02000591686812031900000000053160000000099N120718000000000000000040000000000000000000000000000000000000000000000100001779124996LEILA DINIZ DOS SANTOS                  BELA VISTA,  CENTRO OURIZONA PR                     87170000                                                            000037
100000 000000000000 00090345100325490REGTIT31396906776444     0002020000005957791600000000002N           2  02000595779120031900000000170000000000099N201118000000000000000110000000000000000000000000000000000000000000000100081844395200ELZIMARI RODRIGUES FIEL                 DAS PAMPOLAS  CONJUNTO: JARDIM RENASCENT            66825280                                                            000038
100000 000000000000 00090345100325490REGTIT31396992534233     0002020000005968919600000000002N           2  01000596891927051900000000118000000000099N271218000000000000000080000000000000000000000000000000000000000000000100087319950553MARILENE BARBOSA DOS SANTOS             ORLANDO CESAR, 1554 CENTRO FORMOSA DO RI            47990000                                                            000039
100000 000000000000 00090345100325490REGTIT31397021390981     0002020000005986224600000000002N           2  01000598622427051900000000415000000000099N270219000000000000000550000000000000000000000000000000000000000000000100097840840159RAIMUNDA LACERDA ARAUJO                 RUA 12 QD 18 LT 12, s|n Q15 LT22 INDEPEN            74967100                                                            000040
100000 000000000000 00090345100325490REGTIT31397032731332     0002020000005957697900000000002N           2  01000595769727051900000000100000000000099N191118000000000000000070000000000000000000000000000000000000000000000100036298278885CLECIANA MACENA DA SILVA                F1, 41 BLOCO R VIVENDAS 02 PETROLINA  PE            56300000                                                            000041
100000 000000000000 00090345100325490REGTIT31397260228022     0002020000005984591000000000002N           2  02000598459110031900000000264000000000099N130219000000000000000180000000000000000000000000000000000000000000000100083298584991AURO LEANDRO VAZ                        MANOEL MARASSATI, 77 SAO SEBASTIAO SAO J            83075178                                                            000042
100000 000000000000 00090345100325490REGTIT31397282528695     0002020000005959223000000000002N           2  02000595922328021900000000130000000000099N281118000000000000000090000000000000000000000000000000000000000000000100026417477827MARIA AP DE SOUZA SOARES                ANTONIO BATAGIN, 97 PARQUE ELDORADO SANT            13458469                                                            000043
100000 000000000000 00090345100325490REGTIT31397553346815     0002020000005950406400000000002N           2  02000595040615031900000000056250000000099N051118000000000000000040000000000000000000000000000000000000000000000100007455975481FRANCISCA LAIANE ALVES DA SILVA         19, 251 JARDIM GUANABARA  PETROLINA  PE             56300000                                                            000044
100000 000000000000 00090345100325490REGTIT31397561714752     0002020000005967172600000000002N           2  02000596717227031900000000044100000000099N141218000000000000000030000000000000000000000000000000000000000000000100008778073960ADAILTON DO NASCIMENTO MENEZES          PIONEIRO MIGUEL ELVIRA, 13 CONJ AMADO OU            87170000                                                            000045
100000 000000000000 00090345100325490REGTIT31397825444026     0002020000005977577700000000002N           2  01000597757727051900000000125000000000099N270119000000000000000080000000000000000000000000000000000000000000000100005785667533MARIA EDUARDA FARIAS DOS SANTOS         BENEDITO, 1614 CENTRO FORMOSA DO RIO PRE            47990000                                                            000046
100000 000000000000 00090345100325490REGTIT31397838470426     0002020000005959129300000000002N           2  01000595912927051900000000112500000000099N271118000000000000000080000000000000000000000000000000000000000000000100002692615409IRACEMA DA SILVA ALVES                  QUADRA D, 01 PROJETO N 10 PETROLINA PE              56300000                                                            000047
100000 000000000000 00090345100325490REGTIT31398327022215     0002020000005986284P00000000002N           2  01000598628427051900000000196670000000099N270219000000000000000130000000000000000000000000000000000000000000000100007897865916BRUNO LUAN GONCALVES                    EMILIO DE MEDEIROS SANTOS, 100 CASA SANT            82010505                                                            000048
100000 000000000000 00090345100325490REGTIT31398335088615     0002020000005919641600000000002N           2  01000591964127051900000000149000000000099N310718000000000000000100000000000000000000000000000000000000000000000100008072216430FABIANA DE BRITO DA SILVA               AV: 01, 215 VALE DO GRANDE RIO PETROLINA            56300000                                                            000049
100000 000000000000 00090345100325490REGTIT31398355515201     0002020000005959271000000000002N           2  01000595927127051900000000100000000000099N281118000000000000000070000000000000000000000000000000000000000000000100010636828948THAIS ANDRESSA DOS SANTOS               SIBIPIRUNA, 36 2 EUCALIPTOS FAZENDA RIO             83820608                                                            000050
100000 000000000000 00090345100325490REGTIT31398726714555     0002020000005995806500000000002N           2  01000599580627051900000000622240000000099N270319000000000000000410000000000000000000000000000000000000000000000100028812258883RAIMUNDO MOREIRA AMARO                  SERRA DA ESPERANÇA, 360 JD. BOM REFUGIO             05788370                                                            000051
100000 000000000000 00090345100325490REGTIT31398908830558     0002020000005956773200000000002N           2  02000595677307031900000000161580000000099N121118000000000000000110000000000000000000000000000000000000000000000100082528020449RITA ANA RODRIGUES                      AVENIDA 2, 70 MANDACARU  PETROLINA  PE              56300000                                                            000052
100000 000000000000 00090345100325490REGTIT31398996512794     0002020000005986234300000000002N           2  01000598623427051900000000641670000000099N270219000000000000000430000000000000000000000000000000000000000000000207982815000162SHOPPING 10                             PREFEITO JOSE KOERING, 5380 SL3 CENTRO S            88140000                                                            000053
100000 000000000000 00090345100325490REGTIT31399193944976     0002020000005938103500000000002N           2  01000593810327051900000001066670000000099N190918000000000000000710000000000000000000000000000000000000000000000100003723486967CLEVERSON LUIS SERA CAUS                PROXIMO A JBS DE MARIENTAL, 0 ZONA RURAL            83750000                                                            000054
100000 000000000000 00090345100325490REGTIT31399211898139     0002020000005995925800000000002N           2  01000599592528041900000001440000000000099N280319000000000000000960000000000000000000000000000000000000000000000100034935917806ADRIANO BIAGGIONI                       RUA SEBASTIAO FALCONI, 65 JARDIM TABOAO             05750370                                                            000055
100000 000000000000 00090345100325490REGTIT31399362589617     0002020000005978668P00000000002N           2  01000597866827051900000000110000000000099N060219000000000000000070000000000000000000000000000000000000000000000100037139266204LENICE DA SILVA CHAVES                  ALAGOAS, 520A JUCARA IMPERATRIZ MA                  65919170                                                            000056
100000 000000000000 00090345100325490REGTIT31399616159101     0002020000005977564500000000002N           2  01000597756427051900000000100000000000099N270119000000000000000070000000000000000000000000000000000000000000000100002043917501VANDINARIA ROCHA CARVALHO               PEBA, 240 CASA CENTRO FORMOSA DO RIO PRE            47990000                                                            000057
100000 000000000000 00090345100325490REGTIT31399685585420     0002020000005993765300000000002N           2  01000599376527051900000000340000000000099N190319000000000000000230000000000000000000000000000000000000000000000100076451674168KLEBER AUGUSTO MONTEIRO MELO            QR415 CONJ02 CASA, 5 NORTE CEILANDIA DF             72235616                                                            000058
100000 000000000000 00090345100325490REGTIT31399717153786     0002020000005995927400000000002N           2  01000599592728041900000000034500000000099N280319000000000000000020000000000000000000000000000000000000000000000100008778073960ADAILTON DO NASCIMENTO MENEZES          PIONEIRO MIGUEL ELVIRA, 13 CONJ AMADO OU            87170000                                                            000059
9                                                                                                                                                                                                                                                                                                                                                                                                         000060