01REMESSA01COBRANCA       00000000000004972103WC SISTEMAS E EQUIPAMENTOS DE 237BRADESCO       180319        MX0002635                                                                                                                                                                                                                                                                                     000001
100000 000000000000 00090345100240370REGTIT26351902067827     0002020000005981362800000000002N           2  04190206782728021900000000159800000000099N080219000000000000000240000000000000000000000000000000000000000038310205268315000138TIN NEGOCIOS DIGITAIS LTDA ME           AV GOIOERE , 699                                    87301164                                                            000002
100000 000000000000 00090345100240370REGTIT26351903058474     0002020000005988444400000000002N           2  04190305847429031900000000155180000000099N130319000000000000000230000000000000000000000000000000000000000047000208860260000149CICERO GOMES  DE OLIVEIRA ME            AVENIDA CORONEL ESCOLASTICO, 457                    78010200                                                            000003
9                                                                                                                                                                                                                                                                                                                                                                                                         000004