01REMESSA01COBRANCA       00000000000004852239ISPCN                         237BRADESCO       250319        MX0003107                                                                                                                                                                                                                                                                                     000001
100000 000000000000 00090345100325490REGTIT31071204422542     0002020000005960515400000000002N           2  02000596051523051900000000285000000000099N051218000000000000000190000000000000000000000000000000000000000000000100013953714821ANDERSON WAGNER RICHENA                 1, BL 12 UNIDADE 14 RESID. JADE, 75 JOIA            13450000                                                            000002
100000 000000000000 00090345100325490REGTIT31071215828748     0002020000005968651000000000002N           2  01000596865122051900000000560000000000099N261218000000000000000370000000000000000000000000000000000000000000000100031374010898DAVI JOSE DE SOUZA                      HONDURAS, 49 VILA SARTORI SANTA BÁRBARA             13450000                                                            000003
100000 000000000000 00090345100325490REGTIT31071320172581     0002020000005976606900000000002N           2  01000597660622051900000000029930000000099N220119000000000000000020000000000000000000000000000000000000000000000100084730625900OLGA ELIAS ALVES                        PROJETADA B, 36 CASA CENTRO OURIZONA PR             87170000                                                            000004
100000 000000000000 00090345100325490REGTIT31071354865162     0002020000005985864800000000002N           2  01000598586424051900000000111250000000099N240219000000000000000070000000000000000000000000000000000000000000000100000193284510VALDILENE BRANDAO DE OLIVEIRA           PITOMBEIRA, S|N CENTRO FORMOSA DO RIO PR            47990000                                                            000005
100000 000000000000 00090345100325490REGTIT31071370762582     0002020000005947616800000000002N           2  01000594761622051900000000148000000000099N161018000000000000000100000000000000000000000000000000000000000000000100046999021899RICARDO PAIVA SACHETTO                  PROFETA NEEMIAS, 277 JARDIM LAUDISSI SAN            13458078                                                            000006
100000 000000000000 00090345100325490REGTIT31071394903076     0002020000005970213300000000002N           2  01000597021323051900000000097000000000099N100119000000000000000060000000000000000000000000000000000000000000000100014247450719EVERTON ANTONIO TEIXEIRA ESTEVÃO        SARGENTO ANGELO PENHA SANTIS, 36 JARDIM             04913090                                                            000007
100000 000000000000 00090345100325490REGTIT31071444216647     0002020000005966670600000000002N           2  01000596667023051900000000370000000000099N121218000000000000000250000000000000000000000000000000000000000000000100025360563842LUIZ ALEXANDRE MONICI                   ATUCUPE, 257 JARDIM LEONIDAS MOREIRA SAO            05792050                                                            000008
100000 000000000000 00090345100325490REGTIT31071482643778     0002020000005949752100000000002N           2  01000594975224051900000000352500000000099N301018000000000000000240000000000000000000000000000000000000000000000100070198788142JULIANA MARIA DOS SANTOS PEREIRA        QUADRA 10 LOTE, 64 JARDIM  AGUAS LINDAS             72910052                                                            000009
100000 000000000000 00090345100325490REGTIT31071497698061     0002020000005985898200000000002N           2  01000598589823051900000000075000000000099N250219000000000000000050000000000000000000000000000000000000000000000100024561508805MAIRA APARECIDA C MORENO                ANTONIO MORAES BARROS, 652 JARDIM VISTA             13458574                                                            000010
100000 000000000000 00090345100325490REGTIT31071529946331     0002020000005968701000000000002N           2  01000596870123051900000000040000000000099N261218000000000000000070000000000000000000000000000000000000000000000100007319092913DOUGLAS DE LIMA PRADO                   ROSILDO ROCCO, 2117 QUISSISSANA SAO JOSE            83085070                                                            000011
100000 000000000000 00090345100325490REGTIT31071588387836     0002020000005958141700000000002N           2  01000595814124051900000000230000000000099N221118000000000000000150000000000000000000000000000000000000000000000100026375620805NERIAS RODRIGUES VIEIRA                 ANTONIO IATAROLA, 348 RESIDENCIAL PARQUE            13458718                                                            000012
100000 000000000000 00090345100325490REGTIT31071629831467     0002020000005976912200000000002N           2  01000597691223051900000000150000000000099N230119000000000000000100000000000000000000000000000000000000000000000100031917311800ADRIANA DE ALMEIDA MENEGON              SEBASTIAO ANNUNCIATTO, 239 JARDIM CELEST            05527040                                                            000013
100000 000000000000 00090345100325490REGTIT31071654732777     0002020000005985876100000000002N           2  01000598587624051900000000120000000000099N240219000000000000000080000000000000000000000000000000000000000000000100002209319170NEIDIMAR FLORENCO DE SOUZA              TRAVESSA JK, 44 CENTRO SAO DESIDERIO BA             47820000                                                            000014
100000 000000000000 00090345100325490REGTIT31071720789641     0002020000005995277600000000002N           2  01000599527705041900000000050000000000099N230319000000000000000030000000000000000000000000000000000000000000000100063647788520ELIZABETE PINTO SILVA                   RUA DOM BARBOSA QD C 01 LT 32,  QD C 01             74970295                                                            000015
100000 000000000000 00090345100325490REGTIT31071841836898     0002020000005985848600000000002N           2  01000598584824051900000000120000000000099N240219000000000000000080000000000000000000000000000000000000000000000100097049964549ZENILDA BATISTA DOS SANTOS              SAO FRANCISCO, S|N CENTRO SAO DESIDERIO             47820000                                                            000016
100000 000000000000 00090345100325490REGTIT31071908510318     0002020000005985868000000000002N           2  01000598586824051900000000137500000000099N240219000000000000000090000000000000000000000000000000000000000000000100008837852509AMANDA CRISTINA OLIVEIRA DOS SANTOS     ELIEZER RIBEIRO, S|N CENTRO FORMOSA DO R            47990000                                                            000017
100000 000000000000 00090345100325490REGTIT31071913562756     0002020000005958406800000000002N           2  01000595840623051900000000038410000000099N231118000000000000000030000000000000000000000000000000000000000000000100003576606920NANCI ROCHA                             CAMPO GRANDE, 46 CASA FUNDO CENTRO OURIZ            87170000                                                            000018
100000 000000000000 00090345100325490REGTIT31071961771916     0002020000005950451P00000000002N           2  01000595045122051900000000431630000000099N061118000000000000000290000000000000000000000000000000000000000000000100041731644833CAIO VICTOR DE ALMEIDA                  VINTE E NOVE DE JUNHO (VL S PEDRO), 29 M            09784415                                                            000019
100000 000000000000 00090345100325490REGTIT31072038668853     0002020000005968574300000000002N           2  01000596857424051900000000256000000000099N241218000000000000000170000000000000000000000000000000000000000000000100043201161861TALITA BEATRIZ DA SILVA DE ARAUJO       UM, 83 PQ. DO CAFE UM MONTE MOR SP                  13190000                                                            000020
100000 000000000000 00090345100325490REGTIT31072056145167     0002020000005976744800000000002N           2  01000597674422051900000000124110000000099N220119000000000000000080000000000000000000000000000000000000000000000100009667444627EDIMARCIA  RODRIGUES DOS SANTOS         PEDRO VAZ COELHO, 933 ALTO DE CAUCAIA CO            06727180                                                            000021
100000 000000000000 00090345100325490REGTIT31072059431427     0002020000005985860500000000002N           2  01000598586024051900000000142500000000099N240219000000000000000100000000000000000000000000000000000000000000000100016444957591JOSE DOMINGOS RIBEIRO DE CARVALHO       FORMOSA, 1397 CASA CENTRO FORMOSA DO RIO            47990000                                                            000022
100000 000000000000 00090345100325490REGTIT31072082980531     0002020000005968661800000000002N           2  01000596866123051900000000110000000000099N261218000000000000000180000000000000000000000000000000000000000000000100007068248659RAFAEL DE SOUZA RAMOS                   FLORESTA, 510 OURO FINO SAO JOSE DOS PIN            83015110                                                            000023
100000 000000000000 00090345100325490REGTIT31072127874936     0002020000005938587100000000002N           2  01000593858722051900000000390000000000099N220918000000000000000260000000000000000000000000000000000000000000000100090310713820FABIO DOS SANTOS                        NACOES UNIDAS, 23343 JURUBATUBA  SAO PAU            04795000                                                            000024
100000 000000000000 00090345100325490REGTIT31072150973168     0002020000005986515600000000002N           2  01000598651523051900000000100000000000099N020319000000000000000070000000000000000000000000000000000000000000000100021880261871VIVIANE DE PAULA BARROS SILVA           BETA, 21 CERAMICA BL.2B AP.234.A JARDIM             06680109                                                            000025
100000 000000000000 00090345100325490REGTIT31072218209492     0002020000005994281900000000002N           2  01000599428122051900000000115000000000099N210319000000000000000080000000000000000000000000000000000000000000000100041802888349ANTONIO ALVES DA COSTA                  RUA ALAGOAS, 520 JUCARA IMPERATRIZ MA               65919170                                                            000026
100000 000000000000 00090345100325490REGTIT31072286629544     0002020000005994113800000000002N           2  01000599411324051900000000195000000000099N200319000000000000000130000000000000000000000000000000000000000000000100091799090353MARIANA SOUSA SIRQUEIRA                 ILHA DO URUBU, S|N ILHA DO URUBU JACUNDA            68590000                                                            000027
100000 000000000000 00090345100325490REGTIT31072453565907     0002020000005995320900000000002N           2  01000599532024041900000000120000000000099N240319000000000000000080000000000000000000000000000000000000000000000100091436710553MARIA APARECIDA FERREIRA SARAFIM        JOAQUIM AUGUSTO DA SILVA, 1191 CENTRO F             47990000                                                            000028
100000 000000000000 00090345100325490REGTIT31072453565907     0002020000005995321700000000002N           2  01000599532124051900000000120000000000099N240319000000000000000080000000000000000000000000000000000000000000000100091436710553MARIA APARECIDA FERREIRA SARAFIM        JOAQUIM AUGUSTO DA SILVA, 1191 CENTRO F             47990000                                                            000029
100000 000000000000 00090345100325490REGTIT31072483995627     0002020000005995325P00000000002N           2  01000599532524041900000000100000000000099N240319000000000000000070000000000000000000000000000000000000000000000100000786093560MARIA APARECIDA CARVALHO DA SILVA       JOAQUIM ALEXANDRE, S|N CENTRO FORMOSA DO            47990000                                                            000030
100000 000000000000 00090345100325490REGTIT31072483995627     0002020000005995326800000000002N           2  01000599532624051900000000100000000000099N240319000000000000000070000000000000000000000000000000000000000000000100000786093560MARIA APARECIDA CARVALHO DA SILVA       JOAQUIM ALEXANDRE, S|N CENTRO FORMOSA DO            47990000                                                            000031
100000 000000000000 00090345100325490REGTIT31072539987948     0002020000005968711800000000002N           2  01000596871123051900000000110000000000099N261218000000000000000180000000000000000000000000000000000000000000000100012322088846EDNA RODRIGUES FERREIRA                 BERNARDO ITENER, 271 SAO MARCOS SAO JOSE            83090320                                                            000032
100000 000000000000 00090345100325490REGTIT31072545296115     0002020000005968615400000000002N           2  01000596861523051900000000055000000000099N261218000000000000000090000000000000000000000000000000000000000000000100085968048972A MARA HOLTMANN                         ELISA SIMEON MERETIKA, 75 QUISSISANA S.             83085000                                                            000033
100000 000000000000 00090345100325490REGTIT31072555663432     0002020000005975581400000000002N           2  01000597558122051900000000060000000000099N140119000000000000000100000000000000000000000000000000000000000000000100001644903962ROSIMEIRE AP. TEIXEIRA                  RODOLFO BERNARDELLI, 45 CAMPO GROSSO CUR            81580010                                                            000034
100000 000000000000 00090345100325490REGTIT31072603165639     0002020000005985852400000000002N           2  01000598585224051900000000120000000000099N240219000000000000000080000000000000000000000000000000000000000000000100097049964549ZENILDA BATISTA DOS SANTOS              SAO FRANCISCO, S|N CENTRO SAO DESIDERIO             47820000                                                            000035
100000 000000000000 00090345100325490REGTIT31072616478982     0002020000005985966000000000002N           2  01000598596622051900000000558330000000099N250219000000000000000560000000000000000000000000000000000000000000000100002479983978MARIA DE JESUS COSTA PEREIRA            BAHIA, 160 CAMPO PEQUENO COLOMBO PR                 83404350                                                            000036
100000 000000000000 00090345100325490REGTIT31072647377206     0002020000005975661600000000002N           2  01000597566122051900000000040000000000099N150119000000000000000070000000000000000000000000000000000000000000000100009742622930TAINARA HOLTAMANN DOS SANTOS            ELISA SIMEON MERETKA, 75  QUISSISSANA SA            83085000                                                            000037
100000 000000000000 00090345100325490REGTIT31072683353788     0002020000005994088300000000002N           2  01000599408824051900000000166670000000099N200319000000000000000110000000000000000000000000000000000000000000000100031902588215MARIA NEIDE FERREIRA DE FRANÇA          VILA CALANGO ASSADO, S|N ZONA RURAL  JAC            68590000                                                            000038
100000 000000000000 00090345100325490REGTIT31072690729337     0002020000005948697P00000000002N           2  01000594869723051900000000297590000000099N231018000000000000000300000000000000000000000000000000000000000000000100057492905904ZENIRA MORAIS DA COSTA                  RUA CAMPO LARGO, 317 CASA GUARAITUBA COL            83410010                                                            000039
100000 000000000000 00090345100325490REGTIT31072745207241     0002020000005978529200000000002N           2  02000597852905031900000000148000000000099N050219000000000000000200000000000000000000000000000000000000000000000100072082801853FIRMINA CASEMIRA DA SILVA               JAO QD 36 LT 43, s|n QD 36 LT 43 COLINA             74970000                                                            000040
100000 000000000000 00090345100325490REGTIT31072828816262     0002020000005994330000000000002N           2  01000599433022051900000000097500000000099N210319000000000000000070000000000000000000000000000000000000000000000100017895480200JOSÉ RIBAMAR BRITO DE OLIVEIRA          RUA ALAGOAS, 520 JUCARA IMPERATRIZ MA               65919170                                                            000041
100000 000000000000 00090345100325490REGTIT31072868508108     0002020000005958051800000000002N           2  01000595805123051900000000090000000000099N211118000000000000000060000000000000000000000000000000000000000000000100036473159827ADRIANO PEREIRA CAPELATI DE LIMA        BENEDITO MARCELINO BRAGA, 220 JARDIM SAO            06786130                                                            000042
100000 000000000000 00090345100325490REGTIT31073019166493     0002020000005968735500000000002N           2  01000596873522051900000000080000000000099N261218000000000000000130000000000000000000000000000000000000000000000100002574448901MARILZA APARCECIDA GONÇALVES            RUA DAS ANDORINHAS, 4449 NOVO MUNDO CURI            81020390                                                            000043
100000 000000000000 00090345100325490REGTIT31073037380414     0002020000005960093400000000002N           2  02000596009310031900000000150000000000099N031218000000000000000200000000000000000000000000000000000000000000000100027679872864SUELY PEREIRA                           PARANAGUA, 142 CASA AMADOR BUENO ITAPEVI            06680390                                                            000044
100000 000000000000 00090345100325490REGTIT31073095084643     0002020000005966904700000000002N           2  01000596690422051900000000350000000000099N131218000000000000000230000000000000000000000000000000000000000000000100037608862807JÚLIO CÉSAR FREITAS DA SILVA            ANTONIO NAVES PRADO, 85 JARDIM PARIS SAO            05794220                                                            000045
100000 000000000000 00090345100325490REGTIT31073096436274     0002020000005977342100000000002N           2  01000597734223051900000000060000000000099N240119000000000000000100000000000000000000000000000000000000000000000100004270160969CEZAR AUGUSTO MARQUES DE OLIVEIRA       DOS BOSQUES, 225 SAO SEBASTIAO SAO JOSE             83075180                                                            000046
100000 000000000000 00090345100325490REGTIT31073105084912     0002020000005994039500000000002N           2  01000599403924051900000000150000000000099N200319000000000000000100000000000000000000000000000000000000000000000100074627210230CELMA DE DEUS SALES                     PA SAO GERALDO, S|N VILA BRASILEIRO BOM             65907230                                                            000047
100000 000000000000 00090345100325490REGTIT31073152324958     0002020000005995316000000000002N           2  01000599531624041900000000112500000000099N240319000000000000000080000000000000000000000000000000000000000000000100058224793591ELZA MAIA DE ALMEIDA                    POVOADO PAVAO, S/N CENTRO FORMOSA DO RIO            47990000                                                            000048
100000 000000000000 00090345100325490REGTIT31073152324958     0002020000005995317900000000002N           2  01000599531724051900000000112500000000099N240319000000000000000080000000000000000000000000000000000000000000000100058224793591ELZA MAIA DE ALMEIDA                    POVOADO PAVAO, S/N CENTRO FORMOSA DO RIO            47990000                                                            000049
100000 000000000000 00090345100325490REGTIT31073201519999     0002020000005975591100000000002N           2  01000597559123051900000000060000000000099N140119000000000000000100000000000000000000000000000000000000000000000100007236515906TIAGO SOUZA DUTRA                       BRASILIO KICHE, 79 SANTA ROSA C. GRANDE             83430000                                                            000050
100000 000000000000 00090345100325490REGTIT31073266795513     0002020000005993250300000000002N           2  01000599325023051900000000257000000000099N150319000000000000000170000000000000000000000000000000000000000000000100048993043825AURORA FERNANDA FAGUNDES FARIAS DOS SANTRUA SEIS, 194 JARDIM COLINA UM MONTE MOR            13190000                                                            000051
100000 000000000000 00090345100325490REGTIT31073367595014     0002020000005978601900000000002N           2  02000597860120031900000000383740000000099N050219000000000000000260000000000000000000000000000000000000000000000100009427133708LUCIANA MAXIMO DOS SANTOS               NONOAI, 207 JARDIM DA LUZ EMBU SP                   06824170                                                            000052
100000 000000000000 00090345100325490REGTIT31073377033947     0002020000005995346200000000002N           2  01000599534628041900000000094460000000099N250319000000000000000060000000000000000000000000000000000000000000000100005745269944MARIA DALVA FACUNDO DA SILVA            AV.FLORIANOPULIS, 379 CENTRO OURIZONA PR            87170000                                                            000053
100000 000000000000 00090345100325490REGTIT31073377823502     0002020000005995293800000000002N           2  01000599529326031900000000150800000000099N230319000000000000000000000000000000000000000000000000000000000000000100011329167716VICTOR SOARES GUIMARÃES                 RUA PRIMEIRO DE MAIO, 170 CASA SAO JOSE             27570000                                                            000054
100000 000000000000 00090345100325490REGTIT31073383555590     0002020000005958501300000000002N           2  02000595850120031900000000270000000000099N231118000000000000000180000000000000000000000000000000000000000000000100070290989191EDINALVA ALVES DOS REIS                 QR 415 CON  04 CASA 25, 4 C 25  SAMAMBAI            00072370                                                            000055
100000 000000000000 00090345100325490REGTIT31073441372608     0002020000005928064600000000002N           2  01000592806422051900000000250000000000099N220818000000000000000170000000000000000000000000000000000000000000000100040395098890VANESSA SILVA PINHEIRO                  GUARATINGUETA, 116 JARDIM ESMERALDA SANT            13454036                                                            000056
100000 000000000000 00090345100325490REGTIT31073464250398     0002020000005995303900000000002N           2  01000599530323041900000000195700000000099N230319000000000000000130000000000000000000000000000000000000000000000100001828205990VALDECIR PEREIRA                        SAO JOSÉ, 0 CENTRO OURIZONA PR                      87170000                                                            000057
100000 000000000000 00090345100325490REGTIT31073482576658     0002020000005994043300000000002N           2  01000599404324051900000000100000000000099N200319000000000000000070000000000000000000000000000000000000000000000100073004642204MACIEL  ALVES DA SILVA                  PA SAO GERALDO, 0 VILA BRASILEIRO BOM JE            68525000                                                            000058
100000 000000000000 00090345100325490REGTIT31073518178500     0002020000005976804500000000002N           2  01000597680422051900000000060000000000099N220119000000000000000100000000000000000000000000000000000000000000000100096083948134MAIO RODRIGO DE ALBUQUERQUE             OLIVEIRA VIANA, 1160 HAUER CURITIBA PR              81630070                                                            000059
100000 000000000000 00090345100325490REGTIT31073544808770     0002020000005985234800000000002N           2  01000598523422051900000000186670000000099N180219000000000000000120000000000000000000000000000000000000000000000100000662731107ELCIMARA PEREIRA BABUGEM                404, 56 A 125 TIJUCAL CUIABA MT                     78005150                                                            000060
100000 000000000000 00090345100325490REGTIT31073546841997     0002020000005976818500000000002N           2  01000597681823051900000000060000000000099N220119000000000000000100000000000000000000000000000000000000000000000100003026727962ISMAEL CORATO DO CARMO                  RIO TIBAGI, 979 WEISSOPOLIS PINHAIS PR              83322200                                                            000061
100000 000000000000 00090345100325490REGTIT31073592143783     0002020000005978039800000000002N           2  01000597803923051900000000180000000000099N310119000000000000000120000000000000000000000000000000000000000000000100002509605593ELIANA DE JESUS LEANDRO                 RUA NOVE, 191 PQ DO CAFE UM MONTE MOR SP            13190000                                                            000062
100000 000000000000 00090345100325490REGTIT31073613805373     0002020000005995312800000000002N           2  01000599531224041900000000150000000000099N240319000000000000000100000000000000000000000000000000000000000000000100002481052560MARIA FERREIRA DOS SANTOS OLIVEIRA      PRINCIPAL, 211 CENTRO SAO DESIDERIO  BA             47820000                                                            000063
100000 000000000000 00090345100325490REGTIT31073613805373     0002020000005995313600000000002N           2  01000599531324051900000000150000000000099N240319000000000000000100000000000000000000000000000000000000000000000100002481052560MARIA FERREIRA DOS SANTOS OLIVEIRA      PRINCIPAL, 211 CENTRO SAO DESIDERIO  BA             47820000                                                            000064
100000 000000000000 00090345100325490REGTIT31073699177073     0002020000005994025500000000002N           2  01000599402524051900000000112500000000099N200319000000000000000080000000000000000000000000000000000000000000000100091007437200LUZIMARA DE JESUS COSTA                 P A SAO GERALDO, 17 VILA BRASILEIRINHO              65900000                                                            000065
100000 000000000000 00090345100325490REGTIT31073876258209     0002020000005995281400000000002N           2  01000599528110041900000000832920000000099N230319000000000000000560000000000000000000000000000000000000000000000100014382283841PAULO JOSÉ SOARES DE CARVALHO           AUGUSTO DE ALMEIDA BATISTA, 1625 JARDIM             06820450                                                            000066
100000 000000000000 00090345100325490REGTIT31073876258209     0002020000005995282200000000002N           2  01000599528210051900000000832920000000099N230319000000000000000560000000000000000000000000000000000000000000000100014382283841PAULO JOSÉ SOARES DE CARVALHO           AUGUSTO DE ALMEIDA BATISTA, 1625 JARDIM             06820450                                                            000067
100000 000000000000 00090345100325490REGTIT31073929155990     0002020000005995304700000000002N           2  01000599530423041900000000069770000000099N230319000000000000000050000000000000000000000000000000000000000000000100061506917305ISABELA SANTOS COSTA                    48 QUADRA 128 LOTE 04 CASA 02A CONDOMINI            77270000                                                            000068
100000 000000000000 00090345100325490REGTIT31073929155990     0002020000005995305500000000002N           2  01000599530523051900000000069770000000099N230319000000000000000050000000000000000000000000000000000000000000000100061506917305ISABELA SANTOS COSTA                    48 QUADRA 128 LOTE 04 CASA 02A CONDOMINI            77270000                                                            000069
100000 000000000000 00090345100325490REGTIT31073950215892     0002020000005995338100000000002N           2  01000599533815041900000000462500000000099N240319000000000000000770000000000000000000000000000000000000000000000229179551000146CONDOM RESID MALLMANN                   FRANCISCO ZEN, 507 A PENA SAO JOSE DOS P            83045080                                                            000070
100000 000000000000 00090345100325490REGTIT31073982514598     0002020000005968413500000000002N           2  02000596841322031900000000108050000000099N211218000000000000000070000000000000000000000000000000000000000000000100077290445953MARLENE LOPES DE FARIAS SANTOS          FLORIANOPOLIS, 526 CENTRO OURIZONA PR               87170000                                                            000071
100000 000000000000 00090345100325490REGTIT31073985122802     0002020000005995294600000000002N           2  01000599529423041900000000250000000000099N230319000000000000000170000000000000000000000000000000000000000000000100004785762500DERALDO BISPO GONCALVES                 POVOADO ILHA DO VICTOR, 56 CENTRO SAO DE            47820000                                                            000072
100000 000000000000 00090345100325490REGTIT31074004732142     0002020000005977521100000000002N           2  02000597752126031900000000208330000000099N260119000000000000000140000000000000000000000000000000000000000000000100001580453945JOSE XAVIER CORREIA                     ANTONIO GAI, 1099 CASA TATUQUARA CURITIB            81480140                                                            000073
100000 000000000000 00090345100325490REGTIT31074019737425     0002020000005995265200000000002N           2  01000599526510041900000000863670000000099N230319000000000000000580000000000000000000000000000000000000000000000100066462312815CARLOS ALBERTO DOS SANTOS               ESTRADA SAO FRANCISCO, 2701 TR4 AP23 JD             06765001                                                            000074
100000 000000000000 00090345100325490REGTIT31074019737425     0002020000005995266000000000002N           2  01000599526610051900000000863670000000099N230319000000000000000580000000000000000000000000000000000000000000000100066462312815CARLOS ALBERTO DOS SANTOS               ESTRADA SAO FRANCISCO, 2701 TR4 AP23 JD             06765001                                                            000075
100000 000000000000 00090345100325490REGTIT31074075227557     0002020000005976781200000000002N           2  01000597678122051900000000040000000000099N220119000000000000000070000000000000000000000000000000000000000000000100008237862937PATRÍCIA MACEDO DE SOUZA TOMÉ           ANGELO TOZIM, 333 TATUQUARA CURITIBA PR             81490030                                                            000076
100000 000000000000 00090345100325490REGTIT31074162869242     0002020000005977543200000000002N           2  02000597754320031900000000040250000000099N260119000000000000000030000000000000000000000000000000000000000000000100002373067196CINDY ROCHA EUGENIO                     QR615  CONJ10  CASA, 20 NORTE SAMAMBAIA             72331811                                                            000077
100000 000000000000 00090345100325490REGTIT31074216569335     0002020000005995279200000000002N           2  01000599527906051900000001661620000000099N230319000000000000001110000000000000000000000000000000000000000000000100040117158836HORACIA GODINHO DA SILVA CARDOSO        ANTONIO LINDORIO PINTO, 154 SENHORINHA J            06950000                                                            000078
100000 000000000000 00090345100325490REGTIT31074224998003     0002020000005966045700000000002N           2  02000596604507031900000000320000000000099N081218000000000000000430000000000000000000000000000000000000000000000100004139173122JESSICA PEREIRA DE LIMA SENA            RUA 24 QD 15 LT 17, S|N QD15 LT 17 SETOR            74970000                                                            000079
100000 000000000000 00090345100325490REGTIT31074237879042     0002020000005948478000000000002N           2  01000594847822051900000000110000000000099N221018000000000000000070000000000000000000000000000000000000000000000100039611511809LIGIAN CORREA RODRIGUES                 ANTONIO MORAES BARROS, 670 JARDIM VISTA             13458574                                                            000080
100000 000000000000 00090345100325490REGTIT31074259789805     0002020000005995328400000000002N           2  01000599532824041900000000100000000000099N240319000000000000000070000000000000000000000000000000000000000000000100002892370507IONARIA PEREIRA DE ALMEIDA              ACM, 2130 CENTRO FORMOSA DO RIO PRETO BA            47990000                                                            000081
100000 000000000000 00090345100325490REGTIT31074259789805     0002020000005995329200000000002N           2  01000599532924051900000000100000000000099N240319000000000000000070000000000000000000000000000000000000000000000100002892370507IONARIA PEREIRA DE ALMEIDA              ACM, 2130 CENTRO FORMOSA DO RIO PRETO BA            47990000                                                            000082
100000 000000000000 00090345100325490REGTIT31074260703929     0002020000005977275100000000002N           2  01000597727522051900000000146000000000099N240119000000000000000100000000000000000000000000000000000000000000000100007403923952CRISTIANA AP HENRIQUE                   DOMINGOS  ALVES DE OLIVEIRA, 147 GUATUPE            83060648                                                            000083
100000 000000000000 00090345100325490REGTIT31074285717875     0002020000005920648900000000002N           2  01000592064822051900000000270000000000099N060818000000000000000180000000000000000000000000000000000000000000000100043474051890RODRIGO A. H. GOMES                     VER BENEDITO A ATANAZ, 30 CONJ TRABALHAD            13453528                                                            000084
100000 000000000000 00090345100325490REGTIT31074358381616     0002020000005985833800000000002N           2  01000598583323051900000000100000000000099N230219000000000000000070000000000000000000000000000000000000000000000100001989879195ELIANE DE OLIVEIRA MATTOS               VIELAPROGRESSO   Q 79 LT 19 CASA 03, 0 Q            74970000                                                            000085
100000 000000000000 00090345100325490REGTIT31074412425847     0002020000005985880P00000000002N           2  01000598588024051900000000187500000000099N240219000000000000000130000000000000000000000000000000000000000000000100003205567510GEOVANIO REGO BARBOSA                   OCIVAL RODRIGUES, 21 CENTRO SAO DESIDERI            47820000                                                            000086
100000 000000000000 00090345100325490REGTIT31074430871055     0002020000005994316500000000002N           2  01000599431622051900000000170000000000099N210319000000000000000110000000000000000000000000000000000000000000000100032607077869CREUZA BORGES DE SOUZA                  JOÃO LUIZ ERBOLATO, 330 CONJUNTO HABITAC            13458188                                                            000087
100000 000000000000 00090345100325490REGTIT31074450396253     0002020000005984126500000000002N           2  01000598412622051900000000300000000000099N090219000000000000000200000000000000000000000000000000000000000000000100029460437893CLEBER DOS SANTOIS SOARES               SAO MARCELO, 12 JARDIM VALO VERDE EMBU S            06815330                                                            000088
100000 000000000000 00090345100325490REGTIT31074464479378     0002020000005976520800000000002N           2  01000597652023051900000000250000000000099N210119000000000000000170000000000000000000000000000000000000000000000100070607966149ENIGSON PAULO DA SILVA MACEDO           QR1031 CONJ09 CASA40, 40 SAMAMBAIA NORTE            72000000                                                            000089
100000 000000000000 00090345100325490REGTIT31074468161285     0002020000005977066P00000000002N           2  01000597706623051900000000156040000000099N230119000000000000000100000000000000000000000000000000000000000000000100015213614876ELENICE DA PENHA DE JESUS CESAR         ESTRADAS DOS PIRES, 8088 PIRES CENTRO IB            18150000                                                            000090
100000 000000000000 00090345100325490REGTIT31074525654166     0002020000005968605700000000002N           2  01000596860523051900000000055000000000099N261218000000000000000090000000000000000000000000000000000000000000000100005789113966WALDINEY GORDIANO PEREZ                 PINHEIRO MACHADO, 222 FAZENDINHA CURITIB            81330220                                                            000091
100000 000000000000 00090345100325490REGTIT31074608359485     0002020000005985838900000000002N           2  01000598583823051900000000027230000000099N230219000000000000000020000000000000000000000000000000000000000000000100000504566288WALDERRAMA SILVA E SILVA                INDEPENDENCIA, 662 CENTRO OURIZONA PR               87170000                                                            000092
100000 000000000000 00090345100325490REGTIT31074628614369     0002020000005993034900000000002N           2  01000599303422051900000000222860000000099N140319000000000000000150000000000000000000000000000000000000000000000100083259406034LUCIANA VIEIRA                          RUA 11, 40 SAO JORGE GUAIBA RS                      92500000                                                            000093
100000 000000000000 00090345100325490REGTIT31074671654754     0002020000005900903900000000002N           2  02000590090306031900000000170000000000099N020618000000000000000110000000000000000000000000000000000000000000000100086826204800APARECIDO PEREIRA DA SILVA              CHACARA, CASA 11 CONDOMINIO MOREIRA II S            13450000                                                            000094
100000 000000000000 00090345100325490REGTIT31074672509419     0002020000005968625100000000002N           2  01000596862523051900000000060000000000099N261218000000000000000100000000000000000000000000000000000000000000000100006397772446ANDRÉ FRANSCISCO DA SILVA               ENGENHEIRO PEDRO BONK, 300 GUATUPE SAO J            83065330                                                            000095
100000 000000000000 00090345100325490REGTIT31074745577946     0002020000005896434700000000002N           2  01000589643422051900000000400000000000099N110518000000000000000270000000000000000000000000000000000000000000000100001033196118MARIA CRISTINDA SILVA MEDEIROS          CARLOS LACERDA, 1406 PIRAJUSSARA SAO PAU            05789001                                                            000096
100000 000000000000 00090345100325490REGTIT31074850358619     0002020000005976568200000000002N           2  01000597656822051900000000370000000000099N210119000000000000000250000000000000000000000000000000000000000000000100021673487890ROSANGELA DAS GRAÇAS FRITZ              PADRE ARTHUR SAMPAIO, BL 75 APTO 02 A CO            13458182                                                            000097
100000 000000000000 00090345100325490REGTIT31074902052688     0002020000005968223P00000000002N           2  01000596822322051900000000260000000000099N201218000000000000000170000000000000000000000000000000000000000000000100017151800894LUZIA TEREZINHA VITTI DE MORAES         PERU, 358 JARDIM SARTORI SANTA BARBARA D            13450197                                                            000098
100000 000000000000 00090345100325490REGTIT31074939747696     0002020000005995099400000000002N           2  01000599509922051900000000077630000000099N220319000000000000000050000000000000000000000000000000000000000000000100097458481153CRISTIANE MORALES DOS SANTOS            RUA VICTOR ASSIS BRASIL, 81 CONJUNTO RES            79063370                                                            000099
100000 000000000000 00090345100325490REGTIT31075132242279     0002020000005976861400000000002N           2  02000597686123031900000000060000000000099N220119000000000000000100000000000000000000000000000000000000000000000100002292596938MÁRCIO ELIEZER MELO DO NASCIMENTO       ALIFRANCI CELESTINO DA SILVA, 56 PLANTA             83085030                                                            000100
100000 000000000000 00090345100325490REGTIT31075132242279     0002020000005976863000000000002N           2  01000597686323051900000000060000000000099N220119000000000000000100000000000000000000000000000000000000000000000100002292596938MÁRCIO ELIEZER MELO DO NASCIMENTO       ALIFRANCI CELESTINO DA SILVA, 56 PLANTA             83085030                                                            000101
100000 000000000000 00090345100325490REGTIT31075149663181     0002020000005968450P00000000002N           2  02000596845020031900000000363000000000099N221218000000000000000240000000000000000000000000000000000000000000000100036264944890MARIA DE FATIMA DA SILVA                LEONARDO PISKA, 62 APTO 2 COSTEIRA ARAUC            83709060                                                            000102
100000 000000000000 00090345100325490REGTIT31075201840040     0002020000005976610700000000002N           2  01000597661022051900000000350740000000099N220119000000000000000230000000000000000000000000000000000000000000000100048727873900MOISES MAMEDIO DE SANTANA               MARIA DA GLORIA SILVEIRA, 331 IPE SAO JO            83055470                                                            000103
100000 000000000000 00090345100325490REGTIT31075319808170     0002020000005995333000000000002N           2  01000599533324041900000000140000000000099N240319000000000000000090000000000000000000000000000000000000000000000100008892881515MARIA IRACY CARVALHO DA SILVA           DA TRAVESSA, 0 CASA CENTRO FORMOSA DO RI            47800000                                                            000104
100000 000000000000 00090345100325490REGTIT31075319808170     0002020000005995334900000000002N           2  01000599533424051900000000140000000000099N240319000000000000000090000000000000000000000000000000000000000000000100008892881515MARIA IRACY CARVALHO DA SILVA           DA TRAVESSA, 0 CASA CENTRO FORMOSA DO RI            47800000                                                            000105
100000 000000000000 00090345100325490REGTIT31075379220685     0002020000005995275P00000000002N           2  01000599527523041900000000079900000000099N230319000000000000000050000000000000000000000000000000000000000000000100088338983934DENISE GOMES                            VICTOR MALUCELI, 31 UVARANAS PONTA GROSS            84031430                                                            000106
100000 000000000000 00090345100325490REGTIT31075379220685     0002020000005995276800000000002N           2  01000599527623051900000000079900000000099N230319000000000000000050000000000000000000000000000000000000000000000100088338983934DENISE GOMES                            VICTOR MALUCELI, 31 UVARANAS PONTA GROSS            84031430                                                            000107
100000 000000000000 00090345100325490REGTIT31075381289563     0002020000005995056000000000002N           2  01000599505622051900000000320000000000099N220319000000000000000210000000000000000000000000000000000000000000000100021697586821ANDREIA DONIZETE DE SOUZA REIS          PELOTAS, 105 VERIFICAR A RUA CORRETA JAR            06729245                                                            000108
100000 000000000000 00090345100325490REGTIT31075390148911     0002020000005977385500000000002N           2  01000597738524051900000000100000000000099N240119000000000000000070000000000000000000000000000000000000000000000100041702597857NEONIS BEZERRA REIS                     REPRESINHA, 261 JARDIM SAMPAIO  ITAPECER            06851450                                                            000109
100000 000000000000 00090345100325490REGTIT31075398608239     0002020000005994055700000000002N           2  01000599405524051900000000175000000000099N200319000000000000000120000000000000000000000000000000000000000000000100003288433265RAFAEL PEREIRA DA SILVA                 VILA LIMAO, S|N ZONA RURAL JACUNDA  PA              68590000                                                            000110
100000 000000000000 00090345100325490REGTIT31075432374618     0002020000005959255900000000002N           2  01000595925522051900000000287000000000099N281118000000000000000190000000000000000000000000000000000000000000000100030478000812ANGELA MARQUES                          LINS, 7 CS 02 SITIO ITABERABA I SAO PAUL            05270090                                                            000111
100000 000000000000 00090345100325490REGTIT31075464602779     0002020000005995341100000000002N           2  01000599534101041900000000700000000000099N250319000000000000000470000000000000000000000000000000000000000000000100041676157972VERA LUCIA BOCRELLI                     JOSE ALVES DOS SANTOS PASSOS, 3469 S MAR            88708701                                                            000112
100000 000000000000 00090345100325490REGTIT31075464602779     0002020000005995342P00000000002N           2  01000599534201051900000000700000000000099N250319000000000000000470000000000000000000000000000000000000000000000100041676157972VERA LUCIA BOCRELLI                     JOSE ALVES DOS SANTOS PASSOS, 3469 S MAR            88708701                                                            000113
100000 000000000000 00090345100325490REGTIT31075570973298     0002020000005927839000000000002N           2  02000592783920031900000000090000000000099N210818000000000000000060000000000000000000000000000000000000000000000100070817310401GABRIELA  BEZERRA  DA  SILVA            RUA  05, N 120 PORTO  DA  ILHA PETROLINA            56300000                                                            000114
100000 000000000000 00090345100325490REGTIT31075581898225     0002020000005968515800000000002N           2  01000596851522051900000000112000000000099N221218000000000000000070000000000000000000000000000000000000000000000100016768539876JAILTON BATISTA DE CARVALHO             ABY LISBOA, 2016 CENTRO FORMOSA DO RIO P            47990000                                                            000115
100000 000000000000 00090345100325490REGTIT31075592796603     0002020000005978632900000000002N           2  01000597863222051900000000316340000000099N060219000000000000000210000000000000000000000000000000000000000000000100087707764900EMERSON HUMENIUKA                       JURUVIARA, 767 CASA 1 GRALHA AZUL FAZEND            83824388                                                            000116
100000 000000000000 00090345100325490REGTIT31075610784780     0002020000005985842700000000002N           2  02000598584225031900000000200000000000099N230219000000000000000130000000000000000000000000000000000000000000000100039871975104ANANIAS BARBOSA DA SILVA CARNEIRO       QR 411 CONJ 06 CASA 02, 02 NORTE BRASILI            72000000                                                            000117
100000 000000000000 00090345100325490REGTIT31075683803140     0002020000005960707600000000002N           2  02000596070728021900000000100000000000099N061218000000000000000070000000000000000000000000000000000000000000000100094358222234NELMA REGINA RAMOS DOS SANTOS           RIO CARACARA (CACHOEIRA DO ARARI), 00 MA            68840000                                                            000118
100000 000000000000 00090345100325490REGTIT31075683803140     0002020000005960708400000000002N           2  02000596070830031900000000100000000000099N061218000000000000000070000000000000000000000000000000000000000000000100094358222234NELMA REGINA RAMOS DOS SANTOS           RIO CARACARA (CACHOEIRA DO ARARI), 00 MA            68840000                                                            000119
100000 000000000000 00090345100325490REGTIT31075752563563     0002020000005959751800000000002N           2  01000595975122051900000000110000000000099N301118000000000000000070000000000000000000000000000000000000000000000100032775002846DOUGLAS DE OLIVEIRA SILVA               JOSE CELESTINO SAAD, 245 RUA 17 TORRE 25            06719429                                                            000120
100000 000000000000 00090345100325490REGTIT31075757933155     0002020000005968671500000000002N           2  01000596867123051900000000095000000000099N261218000000000000000160000000000000000000000000000000000000000000000100069688257915PEDRO AMAURI BUENO                      OLIMPIO FERREIRA DA CRUZ, 1590 SAO MARCO            83090100                                                            000121
100000 000000000000 00090345100325490REGTIT31075788745184     0002020000005978012600000000002N           2  02000597801220031900000000125000000000099N310119000000000000000080000000000000000000000000000000000000000000000100002356296263DALVAENILDE RAMOS FILHA DE MIRANDA      CACHOEIRA DO ARARI, 000 CACHOEIRA DO ARA            68840000                                                            000122
100000 000000000000 00090345100325490REGTIT31075819732526     0002020000005994679200000000002N           2  01000599467923051900000000500000000000099N220319000000000000000330000000000000000000000000000000000000000000000100009804392720SAMUEL LEITE TEIXEIRA                   RUA 3 0022 LOTE 21| ESTRADA DO MENDANHA             23097006                                                            000123
100000 000000000000 00090345100325490REGTIT31075826903593     0002020000005958329000000000002N           2  01000595832922051900000000272010000000099N221118000000000000000180000000000000000000000000000000000000000000000100008202348935JEAN LEANDRO NOGUEIRA                   RUA NARCISOS, 277 CASA BOA VISTA 2 CAMPO            83535000                                                            000124
100000 000000000000 00090345100325490REGTIT31075914858194     0002020000005898541700000000002N           2  01000589854123051900000000370000000000099N200518000000000000000250000000000000000000000000000000000000000000000100035679668807FELIPE ANTONIO ARAUJO NASCIMENTO        ODEMIS, 100 JARDIM UMUARAMA SAO PAULO SP            05783180                                                            000125
100000 000000000000 00090345100325490REGTIT31075956006964     0002020000005975621700000000002N           2  01000597562123051900000000055000000000099N140119000000000000000090000000000000000000000000000000000000000000000100082337438520EDUARDO GONÇALVES SANTANA               BAPTINS PAULETTO, 615 DEL REY SAO JOSE D            83090460                                                            000126
100000 000000000000 00090345100325490REGTIT31075956581673     0002020000005994035200000000002N           2  01000599403524051900000000150000000000099N200319000000000000000100000000000000000000000000000000000000000000000100090756312272DEUSIENE ALVES DA SILVA                 PA SAO GERALDO, S|N  VLA BRASILEIRO  BOM            65907230                                                            000127
100000 000000000000 00090345100325490REGTIT31075996196294     0002020000005928084000000000002N           2  01000592808422051900000000230000000000099N220818000000000000000150000000000000000000000000000000000000000000000100095097260520JOILSON BISPO ARAGÃO                    PROFETA JEREMIAS, 968 JARDIM LAUDISSI SA            13458082                                                            000128
100000 000000000000 00090345100325490REGTIT31076004680866     0002020000005967071100000000002N           2  02000596707122031900000000250000000000099N141218000000000000000170000000000000000000000000000000000000000000000100013948945896LUZINETE TEIXEIRA                       SARGENTO ANDRADE, 98 JD MARIANA SBO SP              13450000                                                            000129
100000 000000000000 00090345100325490REGTIT31076004680866     0002020000005967073800000000002N           2  01000596707322051900000000250000000000099N141218000000000000000170000000000000000000000000000000000000000000000100013948945896LUZINETE TEIXEIRA                       SARGENTO ANDRADE, 98 JD MARIANA SBO SP              13450000                                                            000130
100000 000000000000 00090345100325490REGTIT31076020670727     0002020000005994300900000000002N           2  01000599430022051900000000240000000000099N210319000000000000000160000000000000000000000000000000000000000000000100003251614371GLEISON DE SOUSA FEITOSA                RUA ALAGOAS, 520 JUCARA IMPERATRIZ MA               65919170                                                            000131
100000 000000000000 00090345100325490REGTIT31076046100502     0002020000005994031P00000000002N           2  01000599403124051900000000112500000000099N200319000000000000000080000000000000000000000000000000000000000000000100001463912250THAELE CRIZOSTOMO LOPES CRUZ            PA SAO GERALDO, S|N VILA BRASILEIRO  BOM            65907230                                                            000132
100000 000000000000 00090345100325490REGTIT31076099679126     0002020000005958091700000000002N           2  01000595809122051900000000410000000000099N221118000000000000000270000000000000000000000000000000000000000000000100026157863854JOANA DA SILVA SOARES                   JOSE OLIVEIRA ORLANDI, 7 C JARDIM BELA V            04952010                                                            000133
100000 000000000000 00090345100325490REGTIT31076182769180     0002020000005994607500000000002N           2  01000599460722051900000000039700000000099N220319000000000000000030000000000000000000000000000000000000000000000100059914564968DOMINGAS BARBOSA SANTIAGO               BELA VISTA, 1603 CENTRO OURIZONA PR                 87170000                                                            000134
100000 000000000000 00090345100325490REGTIT31076208402924     0002020000005959512400000000002N           2  02000595951228021900000000164880000000099N291118000000000000000110000000000000000000000000000000000000000000000100004242030908NAIR BATISTA FERRAZ MATIAK              PRIMITIVA BARNABE BRESCIANI, AO LADO 27             84060580                                                            000135
100000 000000000000 00090345100325490REGTIT31076208402924     0002020000005959513200000000002N           2  02000595951328031900000000164880000000099N291118000000000000000110000000000000000000000000000000000000000000000100004242030908NAIR BATISTA FERRAZ MATIAK              PRIMITIVA BARNABE BRESCIANI, AO LADO 27             84060580                                                            000136
100000 000000000000 00090345100325490REGTIT31076221078634     0002020000005902926900000000002N           2  02000590292608031900000000230000000000099N110618000000000000000150000000000000000000000000000000000000000000000100019038211856MARCOS DONIZETE PAULELA                 ANTENOR ROZINELLI, 117 JARDIM SAN MARINO            13453476                                                            000137
100000 000000000000 00090345100325490REGTIT31076289548161     0002020000005977014700000000002N           2  01000597701423051900000000323610000000099N230119000000000000000220000000000000000000000000000000000000000000000100000704397374LUCIENE DA CONCEICAO SILVA              CALIFORNIA, 63 JARDIM CIPRESTE SANTO AND            09171865                                                            000138
100000 000000000000 00090345100325490REGTIT31076365842152     0002020000005994370P00000000002N           2  02000599437021041900000000280460000000099N210319000000000000000190000000000000000000000000000000000000000000000100045230230851ELLEN DE ALMEIDA SILVA                  CIRCULAR, S|N BL 16 AP 26 RAPOSO TAVARES            05547025                                                            000139
100000 000000000000 00090345100325490REGTIT31076426372047     0002020000005960505700000000002N           2  01000596050522051900000000220000000000099N051218000000000000000150000000000000000000000000000000000000000000000100037091817800SABRINA CRISTIANE DE SOUZA              PROFESSORA HERMINIA G DELBOUX, 66 VILA O            13450269                                                            000140
100000 000000000000 00090345100325490REGTIT31076441697656     0002020000005948451900000000002N           2  02000594845120031900000000081670000000099N221018000000000000000050000000000000000000000000000000000000000000000100000975949896NASCIMENTO  JOSE  DA  SILVA             RUA  17, N  17 QUATI  2 PETROLINA PE                56300000                                                            000141
100000 000000000000 00090345100325490REGTIT31076449539512     0002020000005940616P00000000002N           2  01000594061622051900000000095000000000099N031018000000000000000060000000000000000000000000000000000000000000000100017766933888ACACIA REGINA GIL GORDILLO              SANTO ANTONIO DO JARDIM, 68 JARDIM BARAO            13453660                                                            000142
100000 000000000000 00090345100325490REGTIT31076473444418     0002020000005968595600000000002N           2  01000596859523051900000000110000000000099N261218000000000000000180000000000000000000000000000000000000000000000100005838199903GISELE CRISTINA DE LAIS REIS FERREIRA LIMIECZILAU GUMIELA, 510 GUATUPE SAO JOSE             83705650                                                            000143
100000 000000000000 00090345100325490REGTIT31076481410728     0002020000005995340300000000002N           2  01000599534004041900000000151300000000099N250319000000000000000500000000000000000000000000000000000000000000000232067197000172SUPERMERCADO VALADARES                  RUA DOS NARCISOS, 1238 CAMPINA DA BARRA             83709650                                                            000144
100000 000000000000 00090345100325490REGTIT31076602648906     0002020000005966552100000000002N           2  01000596655224051900000000260000000000099N111218000000000000000170000000000000000000000000000000000000000000000100026631797870ELIZANGELA BASTOS                       IGNACIO PINTO DE CAMPOS, 195 APTO 23 CON            13450000                                                            000145
100000 000000000000 00090345100325490REGTIT31076618214808     0002020000005995339P00000000002N           2  01000599533915041900000000755560000000099N240319000000000000001260000000000000000000000000000000000000000000000230182322000160CONDOMÍNIO  RESIDENCIAL GENOVA          AVIADOR VICENTE WOLSKI, 37 BACACHERI CUR            82510420                                                            000146
100000 000000000000 00090345100325490REGTIT31076644032945     0002020000005994085900000000002N           2  01000599408524051900000000166670000000099N200319000000000000000110000000000000000000000000000000000000000000000100031902588215MARIA NEIDE FERREIRA DE FRANÇA          VILA CALANGO ASSADO, S|N ZONA RURAL  JAC            68590000                                                            000147
100000 000000000000 00090345100325490REGTIT31076653353662     0002020000005917180400000000002N           2  01000591718022051900000000150000000000099N140718000000000000000100000000000000000000000000000000000000000000000100000014835282ROSENETE DOS SANTOS TELES               FREDERICO HOSANA, 17 AGULHA (ICOARACI) B            66811210                                                            000148
100000 000000000000 00090345100325490REGTIT31076690459367     0002020000005918006400000000002N           2  01000591800622051900000000200000000000099N190718000000000000000130000000000000000000000000000000000000000000000100025722645877KATIA ELIZIARIA DE SOUZA                BENVENUTO DI GIOVANI, 460 JARDIM RAPOSO             05551000                                                            000149
100000 000000000000 00090345100325490REGTIT31076704749324     0002020000005978364800000000002N           2  02000597836405031900000000262000000000099N040219000000000000000170000000000000000000000000000000000000000000000100026988968172ANAIR XAVIER DE DEUS                    ARACARI, 0 Q 50 LT 14 CASA 2 COLINA AZUL            74909000                                                            000150
100000 000000000000 00090345100325490REGTIT31076737919631     0002020000005977119400000000002N           2  01000597711923051900000000055000000000099N240119000000000000000090000000000000000000000000000000000000000000000100006790934944CAMILA FERNANDA RIBEIRO                 RODOLFO BERNARDELLI, 90 UBERABA CURITIBA            81580010                                                            000151
100000 000000000000 00090345100325490REGTIT31076797187853     0002020000005987003600000000002N           2  01000598700322051900000000380000000000099N090319000000000000000510000000000000000000000000000000000000000000000100046605485890CASSIA DE AVILA CALDEIRA                RUA SANTOS, 184 CASA AMADOR BUENO ITAPEV            06680260                                                            000152
100000 000000000000 00090345100325490REGTIT31076933038520     0002020000005995299700000000002N           2  01000599529923041900000000100000000000099N230319000000000000000070000000000000000000000000000000000000000000000100005261034507PEDRO VIEIRA DOS SANTOS                 SAO FRANCISCO, 30 CENTRO SAO DESIDERIO              47820000                                                            000153
100000 000000000000 00090345100325490REGTIT31076933038520     0002020000005995300400000000002N           2  01000599530023051900000000100000000000099N230319000000000000000070000000000000000000000000000000000000000000000100005261034507PEDRO VIEIRA DOS SANTOS                 SAO FRANCISCO, 30 CENTRO SAO DESIDERIO              47820000                                                            000154
100000 000000000000 00090345100325490REGTIT31076959977075     0002020000005941079500000000002N           2  01000594107922051900000000340000000000099N051018000000000000000230000000000000000000000000000000000000000000000100015631461854DIRCE DE SOUZA GOLUCHO                  DAS COLMEIAS, 39 JARDIM UMARIZAL SAO PAU            05756350                                                            000155
100000 000000000000 00090345100325490REGTIT31076961277743     0002020000005993024100000000002N           2  01000599302422051900000000140000000000099N140319000000000000000190000000000000000000000000000000000000000000000100033446574883THIAGO NEVES NOBREGA                    EDMUNDO PAGIOSSI FILHO, 121 CASA JARDIM             06657200                                                            000156
100000 000000000000 00090345100325490REGTIT31077021390981     0002020000005986222P00000000002N           2  02000598622227031900000000415000000000099N270219000000000000000550000000000000000000000000000000000000000000000100097840840159RAIMUNDA LACERDA ARAUJO                 RUA 12 QD 18 LT 12, s|n Q15 LT22 INDEPEN            74967100                                                            000157
100000 000000000000 00090345100325490REGTIT31077060896476     0002020000005918768900000000002N           2  01000591876824051900000000500000000000099N240718000000000000000330000000000000000000000000000000000000000000000100030921274807RAFAEL LOPES DE OLIVEIRA                JUSTINIANO CARRANZA, 24 JARDIM MITSUTANI            05791170                                                            000158
100000 000000000000 00090345100325490REGTIT31077066102404     0002020000005958245600000000002N           2  01000595824522051900000000168000000000099N221118000000000000000110000000000000000000000000000000000000000000000100005834742688LAZARO RODRIGUES DA SILVA               VITORIO FURLAN, 140 RESIDENCIAL FURLAN S            13451201                                                            000159
100000 000000000000 00090345100325490REGTIT31077181305748     0002020000005968891200000000002N           2  01000596889122051900000000420000000000099N271218000000000000000280000000000000000000000000000000000000000000000100012382444835JOAO AP DOS SANTOS                      INACIO ANTONIO, 326 CENTRO SANTA BARBARA            13450021                                                            000160
100000 000000000000 00090345100325490REGTIT31077201040685     0002020000005947988400000000002N           2  01000594798822051900000000210000000000099N181018000000000000000140000000000000000000000000000000000000000000000100010990905802NAIR FERRARI DE OLIVEIRA                MACEIO, 1288 PL. DO SOL SANTA BÁRBARA DO            13454360                                                            000161
100000 000000000000 00090345100325490REGTIT31077307069458     0002020000005948467500000000002N           2  01000594846722051900000000325000000000099N221018000000000000000220000000000000000000000000000000000000000000000100041196603898LAIS FERNANDO GOMES                     HERMES DA FONSECA, 213 JD ITAMARATI SANT            13450000                                                            000162
100000 000000000000 00090345100325490REGTIT31077315108126     0002020000005968532800000000002N           2  01000596853222051900000000120000000000099N221218000000000000000080000000000000000000000000000000000000000000000100001053394586NEIDE PEREIRA DOS SANTOS                FRANCISCO ALENCAR, 66 CENTRO FORMOSA DO             47990000                                                            000163
100000 000000000000 00090345100325490REGTIT31077316961549     0002020000005956602700000000002N           2  01000595660222051900000000168000000000099N101118000000000000000110000000000000000000000000000000000000000000000100017159767896SILMARA GUINDO SCHIAVON                 IGNACIO PINTO DE CAMPOS, BL 65 APTO 31B             13450000                                                            000164
100000 000000000000 00090345100325490REGTIT31077340062078     0002020000005909249100000000002N           2  01000590924922051900000000400000000000099N210618000000000000000270000000000000000000000000000000000000000000000100008495732890PAULO BELLAN                            DAS DALIAS, 47 JARDIM PANAMBI SANTA BARB            13450519                                                            000165
100000 000000000000 00090345100325490REGTIT31077374686470     0002020000005993444100000000002N           2  02000599344420031900000000799990000000099N180319000000000000000530000000000000000000000000000000000000000000000100071040323120VALDIR COSTA VIEIRA                     QR 415 CONJ 05 CS 29, 29 NORTE BRASILIA             72000000                                                            000166
100000 000000000000 00090345100325490REGTIT31077485493595     0002020000005899367300000000002N           2  01000589936723051900000000440000000000099N230518000000000000000290000000000000000000000000000000000000000000000100001393394507NATÁERCIO SANTOS SANTANA                DO VALBOEIRO, 17 JARDIM AURELIO SAO PAUL            05857460                                                            000167
100000 000000000000 00090345100325490REGTIT31077569144455     0002020000005948582500000000002N           2  01000594858222051900000000137400000000099N221018000000000000000090000000000000000000000000000000000000000000000100004036586670ORLANDO NATAL RIBEIRO DINIZ             AVIADORA ANESIA PINHEIRO MACHADO, 91 CON            05886610                                                            000168
100000 000000000000 00090345100325490REGTIT31077669070180     0002020000005985508800000000002N           2  02000598550820031900000000071230000000099N200219000000000000000050000000000000000000000000000000000000000000000100002000716962MARIA VICENTE BARBOSA                   QUADRA 2 LOTE 13, LOTE13 BAIXADA DA AREI            87170000                                                            000169
100000 000000000000 00090345100325490REGTIT31077688877338     0002020000005995353500000000002N           2  01000599535316041900000000557310000000099N250319000000000000000370000000000000000000000000000000000000000000000201678367000121AN MAO DE OBRA E SERVICOS DE LIMPEZA    R MANOEL VIANA, 740 CAMPINA SAO LEOPOLDO            93130765                                                            000170
100000 000000000000 00090345100325490REGTIT31077765483467     0002020000005995271700000000002N           2  01000599527126031900000000149900000000099N230319000000000000000000000000000000000000000000000000000000000000000100007172143116JOÃO PAULO INOCENCIO                    QUADRA 511 BLOCO C COMERCIO, Loja 37 COM            70650503                                                            000171
100000 000000000000 00090345100325490REGTIT31077782256536     0002020000005995272500000000002N           2  01000599527209041900000001012910000000099N230319000000000000000680000000000000000000000000000000000000000000000201678367000121AN MAO DE OBRA E SERVICOS DE LIMPEZA    R MANOEL VIANA, 740 CAMPINA SAO LEOPOLDO            93130765                                                            000172
100000 000000000000 00090345100325490REGTIT31077784673513     0002020000005926595700000000002N           2  01000592659522051900000000240000000000099N140818000000000000000160000000000000000000000000000000000000000000000100020459551841LUCIANO RODRIGUES PONTES                DO MANGANES, 219 VILA BIASI AMERICANA SP            13466705                                                            000173
100000 000000000000 00090345100325490REGTIT31077858762919     0002020000005986043P00000000002N           2  01000598604322051900000000250000000000099N260219000000000000000170000000000000000000000000000000000000000000000100003998225935CLEBER AGUSTO BENTO DOS SANTOS          DOS JASMINS, 2006 CASA ITAPIRA QUATRO BA            83420000                                                            000174
100000 000000000000 00090345100325490REGTIT31077869052427     0002020000005995247400000000002N           2  01000599524710041900000000058000000000099N230319000000000000000040000000000000000000000000000000000000000000000100002856531806JOSE VIEIRA DE SOUZA                    GENERAL OSORIO, 980 CENTRO SANTA BARBARA            13450027                                                            000175
100000 000000000000 00090345100325490REGTIT31077869052427     0002020000005995248200000000002N           2  01000599524810051900000000058000000000099N230319000000000000000040000000000000000000000000000000000000000000000100002856531806JOSE VIEIRA DE SOUZA                    GENERAL OSORIO, 980 CENTRO SANTA BARBARA            13450027                                                            000176
100000 000000000000 00090345100325490REGTIT31077975746053     0002020000005928328900000000002N           2  01000592832822051900000000060000000000099N230818000000000000000040000000000000000000000000000000000000000000000100095097260520JOILSON BISPO ARAGÃO                    PROFETA JEREMIAS, 968 JARDIM LAUDISSI SA            13458082                                                            000177
100000 000000000000 00090345100325490REGTIT31078060141098     0002020000005992997900000000002N           2  01000599299724051900000000500000000000099N140319000000000000000330000000000000000000000000000000000000000000000100023023907846HUDSON DE JESUS  NASCIMENTO             SERAFIM ALVARES, 476 JARDIM SAO MANOEL S            05871370                                                            000178
100000 000000000000 00090345100325490REGTIT31078066662674     0002020000005937217600000000002N           2  02000593721710031900000000087500000000099N130918000000000000000060000000000000000000000000000000000000000000000100093197519434KRISHANA  ANDREIA FERNANDES  FEITOSA    RUA 08  COND MAIS VIVER, N 211 ANTONIO              56300000                                                            000179
100000 000000000000 00090345100325490REGTIT31078074710427     0002020000005948342300000000002N           2  01000594834222051900000000083330000000099N201018000000000000000060000000000000000000000000000000000000000000000100031943040893DIEGO SANTOS LUCIANO                    NEUZA DIAS DE SOUZA, 76 SITIO DAS MADRES            06784293                                                            000180
100000 000000000000 00090345100325490REGTIT31078136318383     0002020000005938818800000000002N           2  01000593881824051900000000510920000000099N240918000000000000000340000000000000000000000000000000000000000000000100008185356955ALISSON PEREIRA DE MORAIS               CORONEL DULCIDIO, 424 CASA VILA MILITAR             83303180                                                            000181
100000 000000000000 00090345100325490REGTIT31078158065163     0002020000005979085700000000002N           2  01000597908522051900000000580000000000099N080219000000000000000390000000000000000000000000000000000000000000000100067935044520NORMEIDE OLIVEIRA SILVA                 PROFETA NEEMIAS, 622 JARDIM LAUDISSI SAN            13458078                                                            000182
100000 000000000000 00090345100325490REGTIT31078186701308     0002020000005968508500000000002N           2  01000596850822051900000000100000000000099N221218000000000000000070000000000000000000000000000000000000000000000100023092220544MARIA AUREA D. CASTRO                   LEU MODAS, 117 VILA PROJETO F DO RIO PRE            47990000                                                            000183
100000 000000000000 00090345100325490REGTIT31078229263168     0002020000005978623P00000000002N           2  02000597862315031900000000130000000000099N060219000000000000000090000000000000000000000000000000000000000000000100001798074206CARLA MICHELLE MATOS GOMES              CORONEL JUVENCIO SARMENTO, 1274 PONTA GR            66812490                                                            000184
100000 000000000000 00090345100325490REGTIT31078254146265     0002020000005978848800000000002N           2  01000597884822051900000000160000000000099N070219000000000000000110000000000000000000000000000000000000000000000100046863303272LOURIZAM FERREIRA                       ALAGOAS, 520A JUCARA IMPERATRIZ MA                  65919170                                                            000185
100000 000000000000 00090345100325490REGTIT31078267629634     0002020000005995310100000000002N           2  01000599531023041900000000033450000000099N230319000000000000000020000000000000000000000000000000000000000000000100003080361903MARIA BERNADETE FACINA DEGAN            RUA CAMPO GRANDE, 693 CENTRO OURIZONA PR            87170000                                                            000186
100000 000000000000 00090345100325490REGTIT31078267629634     0002020000005995311P00000000002N           2  01000599531123051900000000033450000000099N230319000000000000000020000000000000000000000000000000000000000000000100003080361903MARIA BERNADETE FACINA DEGAN            RUA CAMPO GRANDE, 693 CENTRO OURIZONA PR            87170000                                                            000187
100000 000000000000 00090345100325490REGTIT31078454387812     0002020000005976107500000000002N           2  01000597610722051900000000299150000000099N170119000000000000000200000000000000000000000000000000000000000000000100005096562859JOAO MAURICIO DE ALMEIDA                APARECIDO GOMES DA SILVA, 331 PARQUE PIN            06766270                                                            000188
100000 000000000000 00090345100325490REGTIT31078473825359     0002020000005968681200000000002N           2  01000596868123051900000000060000000000099N261218000000000000000100000000000000000000000000000000000000000000000100000929551931EDERSON MAKALOSKI DOS SANTOS            ANTONIO BATISTA DE ALMEIDA, 281 BORDA DO            83075552                                                            000189
100000 000000000000 00090345100325490REGTIT31078683703848     0002020000005985884200000000002N           2  01000598588422051900000000179000000000099N250219000000000000000120000000000000000000000000000000000000000000000100037309478851ANA CLAUDIA DE SOUZA                    RONDÔNIA, 345 VL. BRASIL SANTA BARBARA D            13450000                                                            000190
100000 000000000000 00090345100325490REGTIT31078710315517     0002020000005994091300000000002N           2  01000599409124051900000000100000000000099N200319000000000000000070000000000000000000000000000000000000000000000100079966411291BENTA FERREIRA DE FRANÇA                VILA CALANGO ASSADO, S|N ZONA RURAL  JAC            68590000                                                            000191
100000 000000000000 00090345100325490REGTIT31078806421483     0002020000005995278400000000002N           2  01000599527805041900000000153700000000099N230319000000000000000510000000000000000000000000000000000000000000000216764331000138MERCADO DANIELE                         ALFREDO DE SOUZA, 15 GUARITUBA PIRAQUARA            83311306                                                            000192
100000 000000000000 00090345100325490REGTIT31078810915057     0002020000005994067000000000002N           2  01000599406724051900000000150000000000099N200319000000000000000100000000000000000000000000000000000000000000000100005247752228EMERSON PEREIRA DA SILVA                VILA LIMAO, S|N ZONA RURAL JACUNDA  PA              68590000                                                            000193
100000 000000000000 00090345100325490REGTIT31078884537609     0002020000005910626300000000002N           2  01000591062622051900000000140000000000099N300618000000000000000090000000000000000000000000000000000000000000000100034472893843TIAGO DIAS PEREIRA MARIANO              TRAMANDAI, 91 CAUCAIA DO ALTO JARDIM MON            06729230                                                            000194
100000 000000000000 00090345100325490REGTIT31078916571926     0002020000005928487000000000002N           2  02000592848705031900000000100000000000099N240818000000000000000070000000000000000000000000000000000000000000000100003166497595RITA DE CASSIA DOS SANTOS               RUA: O, 21 QUADRA D PROJETO N 4 PETROLIN            56300000                                                            000195
100000 000000000000 00090345100325490REGTIT31079028875894     0002020000005967838000000000002N           2  01000596783822051900000000250000000000099N181218000000000000000170000000000000000000000000000000000000000000000100063891476191LEANDRO DA ROCHA                        RUA PIA LAZZARI BERTOLDI,, 836 CASA CAMP            81490422                                                            000196
100000 000000000000 00090345100325490REGTIT31079040993360     0002020000005985856700000000002N           2  01000598585624051900000000140000000000099N240219000000000000000090000000000000000000000000000000000000000000000100000373910541ANELIDES MACIEL DOS REIS                ACAMPAMENTO  DO PAVAO, S|N CENTRO FORMOS            47990000                                                            000197
100000 000000000000 00090345100325490REGTIT31079129801856     0002020000005969823300000000002N           2  02000596982320031900000000154000000000099N080119000000000000000100000000000000000000000000000000000000000000000100025482177874NERON GAVIAO                            JOAO TONON, 886 VILA BELA GUARAPUAVA PR             85027050                                                            000198
100000 000000000000 00090345100325490REGTIT31079215398182     0002020000005995345400000000002N           2  01000599534510041900000000075000000000099N250319000000000000000050000000000000000000000000000000000000000000000100030617631808EDITH PEREIRA DE OLIVEIRA               RUA 37, 362 JARDIM PAULISTA MONTE MOR SP            13190000                                                            000199
100000 000000000000 00090345100325490REGTIT31079377428649     0002020000005917902300000000002N           2  01000591790222051900000000260000000000099N190718000000000000000170000000000000000000000000000000000000000000000100028005279949DORIVAL PALUDO                          AGUAS DE SAO PEDRO, 248 RESIDENCIAL SAO             13453621                                                            000200
100000 000000000000 00090345100325490REGTIT31079460225436     0002020000005986755800000000002N           2  01000598675522051900000000200000000000099N070319000000000000000270000000000000000000000000000000000000000000000100028696325842MARIA DE FATIMA SAGAIS AZEVEDO          MONET, 80 CASA JARDIM RUTH ITAPEVI SP               06683130                                                            000201
100000 000000000000 00090345100325490REGTIT31079463984018     0002020000005897717100000000002N           2  01000589771722051900000000500000000000099N160518000000000000000330000000000000000000000000000000000000000000000100021293441864PEDRO MOTA DOS SANTOS                   MANOEL DA CONCEICAO, 57 JARDIM MACEDONIA            05894370                                                            000202
100000 000000000000 00090345100325490REGTIT31079470321755     0002020000005969025900000000002N           2  01000596902522051900000000099000000000099N281218000000000000000070000000000000000000000000000000000000000000000100016078775898SELMA CRISTINA BORGES DAS NEVES         ALVARES MACIEL, 84 PARQUE OLARIA SANTA B            13450000                                                            000203
100000 000000000000 00090345100325490REGTIT31079510050424     0002020000005970271000000000002N           2  02000597027120031900000000134880000000099N100119000000000000000090000000000000000000000000000000000000000000000100011431930911FERNANDA CRISTINA MARTINS OLIVEIRA      SETE DE SETEMBRO, 718 CENTRO PONTA GROSS            84010350                                                            000204
100000 000000000000 00090345100325490REGTIT31079526344893     0002020000005995257100000000002N           2  01000599525723041900000000110000000000099N230319000000000000000150000000000000000000000000000000000000000000000100034083219149MARIA APARECIDA DOS SANTOS              RUA 69 QD K 59 LT 12  B  INDEPENDENCIA,             74970295                                                            000205
100000 000000000000 00090345100325490REGTIT31079526344893     0002020000005995258P00000000002N           2  01000599525823051900000000110000000000099N230319000000000000000150000000000000000000000000000000000000000000000100034083219149MARIA APARECIDA DOS SANTOS              RUA 69 QD K 59 LT 12  B  INDEPENDENCIA,             74970295                                                            000206
100000 000000000000 00090345100325490REGTIT31079530230433     0002020000005985872900000000002N           2  01000598587224051900000000125000000000099N240219000000000000000080000000000000000000000000000000000000000000000100002955467510DULCILANIA ALVES MATOS                  ANISIO LOPES DE CARVALHO, 198 CASA CENTR            47800000                                                            000207
100000 000000000000 00090345100325490REGTIT31079533500199     0002020000005994735700000000002N           2  01000599473522051900000000300000000000099N220319000000000000000200000000000000000000000000000000000000000000000100014081153876ANGELO RUSSO FILHO                      AMADEU DA SILVA SAMELO, 572 JARDIM MARTI            05760140                                                            000208
100000 000000000000 00090345100325490REGTIT31079552009784     0002020000005898253100000000002N           2  02000589825322031900000000266800000000099N180518000000000000001070000000000000000000000000000000000000000000000100029873237860SOLANGE LAURINDO GONCALVES              DOMINGOS RIGO FILHO, 09 RONCON RIBEIRAO             09410580                                                            000209
100000 000000000000 00090345100325490REGTIT31079552009784     0002020000005898255800000000002N           2  01000589825522051900000000266800000000099N180518000000000000001070000000000000000000000000000000000000000000000100029873237860SOLANGE LAURINDO GONCALVES              DOMINGOS RIGO FILHO, 09 RONCON RIBEIRAO             09410580                                                            000210
100000 000000000000 00090345100325490REGTIT31079575975491     0002020000005995307100000000002N           2  01000599530723041900000000028300000000099N230319000000000000000020000000000000000000000000000000000000000000000100003080361903MARIA BERNADETE FACINA DEGAN            RUA CAMPO GRANDE, 693 CENTRO OURIZONA PR            87170000                                                            000211
100000 000000000000 00090345100325490REGTIT31079575975491     0002020000005995308P00000000002N           2  01000599530823051900000000028300000000099N230319000000000000000020000000000000000000000000000000000000000000000100003080361903MARIA BERNADETE FACINA DEGAN            RUA CAMPO GRANDE, 693 CENTRO OURIZONA PR            87170000                                                            000212
100000 000000000000 00090345100325490REGTIT31079621936347     0002020000005958748200000000002N           2  01000595874822051900000000198000000000099N261118000000000000000130000000000000000000000000000000000000000000000100016068355802CELSO RODRIGUES                         CARAMURUS, 340 SÃO FRANCISCO SANTA BÁRBA            13457051                                                            000213
100000 000000000000 00090345100325490REGTIT31079665374536     0002020000005995295400000000002N           2  01000599529523041900000000150000000000099N230319000000000000000100000000000000000000000000000000000000000000000100071764852591SALVIANO FERREIRA DOS SANTOS            UNIDADE, S|N CENTRO SAO DESIDERIO  BA               47820000                                                            000214
100000 000000000000 00090345100325490REGTIT31079665374536     0002020000005995296200000000002N           2  01000599529623051900000000150000000000099N230319000000000000000100000000000000000000000000000000000000000000000100071764852591SALVIANO FERREIRA DOS SANTOS            UNIDADE, S|N CENTRO SAO DESIDERIO  BA               47820000                                                            000215
100000 000000000000 00090345100325490REGTIT31079670270064     0002020000005995273300000000002N           2  01000599527308041900000000205000000000099N230319000000000000000140000000000000000000000000000000000000000000000100070261564110LORRAYNE CRISTINA ALVES LIMA            RUA PRIMEIRO DE MAIO, s,n  QD 48 LT 31 C            74970280                                                            000216
100000 000000000000 00090345100325490REGTIT31079670270064     0002020000005995274100000000002N           2  01000599527408051900000000205000000000099N230319000000000000000140000000000000000000000000000000000000000000000100070261564110LORRAYNE CRISTINA ALVES LIMA            RUA PRIMEIRO DE MAIO, s,n  QD 48 LT 31 C            74970280                                                            000217
100000 000000000000 00090345100325490REGTIT31079783566784     0002020000005918952500000000002N           2  01000591895223051900000000150000000000099N250718000000000000000100000000000000000000000000000000000000000000000100086833383472VALDEMIR FRANCISCO DA SILVA             RUA: 54, 260 JOAO DE DEUS PETROLINA PE              56300000                                                            000218
100000 000000000000 00090345100325490REGTIT31079925888458     0002020000005977033300000000002N           2  01000597703323051900000000127500000000099N230119000000000000000090000000000000000000000000000000000000000000000100027822501836RITA DE CASSIA SANTOS DA CRU            RUA 20, 350 CASA JD. PAULISTA MONTE MOR             13190000                                                            000219
100000 000000000000 00090345100325490REGTIT31079929526108     0002020000005985807900000000002N           2  01000598580723051900000000120000000000099N230219000000000000000080000000000000000000000000000000000000000000000100097049964549ZENILDA BATISTA DOS SANTOS              SAO FRANCISCO, S|N CENTRO SAO DESIDERIO             47820000                                                            000220
100000 000000000000 00090345100325490REGTIT31079944060457     0002020000005969593500000000002N           2  01000596959322051900000000150000000000099N070119000000000000000100000000000000000000000000000000000000000000000100046999021899RICARDO PAIVA SACHETTO                  PROFETA NEEMIAS, 277 JARDIM LAUDISSI SAN            13458078                                                            000221
100000 000000000000 00090345100325490REGTIT31079947258490     0002020000005995259800000000002N           2  01000599525923041900000000355000000000099N230319000000000000000240000000000000000000000000000000000000000000000203738530000120OSEP BRASIL LTDA.                       ,  SOL E MAR MACAE RJ                               27940225                                                            000222
9                                                                                                                                                                                                                                                                                                                                                                                                         000223