01REMESSA01COBRANCA       00000000000004972103WC SISTEMAS E EQUIPAMENTOS DE 237BRADESCO       010319        MX0002578                                                                                                                                                                                                                                                                                     000001
100000 000000000000 00090345100240370REGTIT25781811068057     0002020000005953955000000000002N           2  02181106805730111800000000159800000000099N091118000000000000000240000000000000000000000000000000000000000000000214123720000159ALCIDES STRAPASSON JUNIOR ME             RUA ANGELO STRAPASSON COSTA, 752                   83414230                                                            000002
100000 000000000000 00090345100240370REGTIT25781812062749     0002020000005961613P00000000002N           2  02181206274928121800000000319700000000099N061218000000000000000480000000000000000000000000000000000000000000000217470656000170FALCON ALARMES LTDA                     RUA CEARA, 450                                      68633000                                                            000003
100000 000000000000 00090345100240370REGTIT25781812068057     0002020000005963084100000000002N           2  02181206805728121800000000289700000000099N061218000000000000000430000000000000000000000000000000000000000000000214123720000159ALCIDES STRAPASSON JUNIOR ME             RUA ANGELO STRAPASSON COSTA, 752                   83414230                                                            000004
100000 000000000000 00090345100240370REGTIT25781901000073     0002020000005970324500000000002N           2  02190100007330011900000000004950000000099N110119000000000000000010000000000000000000000000000000000000000000000208745918000171WC SISTEMAS E EQUIPAMENTOS DE INFORMATICAVENIDA CANDIDO DE ABREU, 70                        80530000                                                            000005
100000 000000000000 00090345100240370REGTIT25781901062749     0002020000005971192200000000002N           2  02190106274930011900000000174800000000099N110119000000000000000260000000000000000000000000000000000000000000000217470656000170FALCON ALARMES LTDA                     RUA CEARA, 450                                      68633000                                                            000006
100000 000000000000 00090345100240370REGTIT25781901068057     0002020000005972626100000000002N           2  02190106805730011900000000159800000000099N110119000000000000000240000000000000000000000000000000000000000000000214123720000159ALCIDES STRAPASSON JUNIOR ME             RUA ANGELO STRAPASSON COSTA, 752                   83414230                                                            000007
100000 000000000000 00090345100240370REGTIT25781902000073     0002020000005979170500000000002N           2  02190200007328021900000000004950000000099N080219000000000000000010000000000000000000000000000000000000000000000208745918000171WC SISTEMAS E EQUIPAMENTOS DE INFORMATICAVENIDA CANDIDO DE ABREU, 70                        80530000                                                            000008
100000 000000000000 00090345100240370REGTIT25781902000764     0002020000005979177200000000002N           2  02190200076428021900000004116910000000099N080219000000000000006180000000000000000000000000000000000000000000000208745918000171DEPARTAMENTO COMERCIAL CURITIBA         AV CANDIDO DE ABREU, 70                             80530000                                                            000009
100000 000000000000 00090345100240370REGTIT25781902023096     0002020000005979368600000000002N           2  02190202309628021900000000466540000000099N080219000000000000000700000000000000000000000000000000000000000000000206866893000139WEBCONTROL EMPRESAS - CPD               AVENIDA CANDIDO DE ABREU, 70                        80530000                                                            000010
100000 000000000000 00090345100240370REGTIT25781902070362     0002020000005982185P00000000002N           2  02190207036228021900000000196690000000099N080219000000000000000300000000000000000000000000000000000000000000000251979256000123WEB CONTROL EMPRESAS                    AVENIDA CANDIDO DE ABREU, 70                        80530000                                                            000011
100000 000000000000 00090345100240370REGTIT25781902072643     0002020000005983597400000000002N           2  02190207264328021900000000279800000000099N080219000000000000000420000000000000000000000000000000000000000000000100004537943947TATIANE DE OLIVEIRA TEIXEIRA PEREIRA    RUA PARANAGUA, 339 B                                83410390                                                            000012
100000 000000000000 00090345100240370REGTIT2578996654796121   0002020090005984235100000000002N           2  02996654796115021900000000329700000000099N110219000000000000000490000000000000000000000000000000000000000000000212656094000211NEDINO FERREIRA NEVES ME                RUA JOSE DE OLIVEIRA FRANCO, 1217                   82840000                                                            000013
100000 000000000000 00090345100240370REGTIT2578997054985005   0002020090005939513400000000002N           2  02997054985008101800000000314700000000099N270918000000000000000470000000000000000000000000000000000000000000000220468022000198D LIMA GAS LTDA                         R JOAO VITOR FALAVINHA, 537                         83430000                                                            000014
9                                                                                                                                                                                                                                                                                                                                                                                                         000015