01REMESSA01COBRANCA       00000000000004852239ISPCN                         237BRADESCO       220319        MX0003103                                                                                                                                                                                                                                                                                     000001
100000 000000000000 00090345100325490REGTIT31032203448836     0002020000005994873600000000002N           2  01000599487307041900000002240000000000099N220319000000000000001490000000000000000000000000000000000000000000000100005092119926SIRLEY APARECIDA ALAIKO PAZ             CAPAO BONITO, 0 ZONA RURAL LAPA PR                  83750000                                                            000002
100000 000000000000 00090345100325490REGTIT31032649375220     0002020000005994938400000000002N           2  01000599493810041900000000504000000000099N220319000000000000000340000000000000000000000000000000000000000000000100040996581391FRANCISCA GOMES SOUTO                   RUA AGUIA BRANCA, Lote 14 QUADRA 67 CAMP            23097630                                                            000003
100000 000000000000 00090345100325490REGTIT31032649375220     0002020000005994939200000000002N           2  01000599493910051900000000504000000000099N220319000000000000000340000000000000000000000000000000000000000000000100040996581391FRANCISCA GOMES SOUTO                   RUA AGUIA BRANCA, Lote 14 QUADRA 67 CAMP            23097630                                                            000004
100000 000000000000 00090345100325490REGTIT31032745207241     0002020000005978529200000000002N           2  02000597852905031900000000148000000000099N050219000000000000000200000000000000000000000000000000000000000000000100072082801853FIRMINA CASEMIRA DA SILVA               JAO QD 36 LT 43, s|n QD 36 LT 43 COLINA             74970000                                                            000005
100000 000000000000 00090345100325490REGTIT31033037380414     0002020000005960093400000000002N           2  02000596009310031900000000150000000000099N031218000000000000000200000000000000000000000000000000000000000000000100027679872864SUELY PEREIRA                           PARANAGUA, 142 CASA AMADOR BUENO ITAPEVI            06680390                                                            000006
100000 000000000000 00090345100325490REGTIT31034098025539     0002020000005994961900000000002N           2  01000599496105041900000000102460000000099N220319000000000000000070000000000000000000000000000000000000000000000100000557101077DAIANE DA LUZ VIEIRA                    11, 100 SÃO JORGE GUAIBA RS                         92500000                                                            000007
100000 000000000000 00090345100325490REGTIT31034098025539     0002020000005994960000000000002N           2  01000599496005041900000000204920000000099N220319000000000000000000000000000000000000000000000000000000000000000100000557101077DAIANE DA LUZ VIEIRA                    11, 100 SÃO JORGE GUAIBA RS                         92500000                                                            000008
100000 000000000000 00090345100325490REGTIT31034098025539     0002020000005994962700000000002N           2  01000599496205051900000000102460000000099N220319000000000000000070000000000000000000000000000000000000000000000100000557101077DAIANE DA LUZ VIEIRA                    11, 100 SÃO JORGE GUAIBA RS                         92500000                                                            000009
100000 000000000000 00090345100325490REGTIT31034162869242     0002020000005977543200000000002N           2  02000597754320031900000000040250000000099N260119000000000000000030000000000000000000000000000000000000000000000100002373067196CINDY ROCHA EUGENIO                     QR615  CONJ10  CASA, 20 NORTE SAMAMBAIA             72331811                                                            000010
100000 000000000000 00090345100325490REGTIT31034224998003     0002020000005966045700000000002N           2  02000596604507031900000000320000000000099N081218000000000000000430000000000000000000000000000000000000000000000100004139173122JESSICA PEREIRA DE LIMA SENA            RUA 24 QD 15 LT 17, S|N QD15 LT 17 SETOR            74970000                                                            000011
100000 000000000000 00090345100325490REGTIT31034877217974     0002020000005994908200000000002N           2  01000599490810041900000000100000000000099N220319000000000000000070000000000000000000000000000000000000000000000200963291000113IGREJA VISÃO MISSIONARIA                RUA PROFESSORA POMPILIA LOPES DOS SANTOS            81450740                                                            000012
100000 000000000000 00090345100325490REGTIT31034877217974     0002020000005994909000000000002N           2  01000599490910051900000000100000000000099N220319000000000000000070000000000000000000000000000000000000000000000200963291000113IGREJA VISÃO MISSIONARIA                RUA PROFESSORA POMPILIA LOPES DOS SANTOS            81450740                                                            000013
100000 000000000000 00090345100325490REGTIT31035570973298     0002020000005927839000000000002N           2  02000592783920031900000000090000000000099N210818000000000000000060000000000000000000000000000000000000000000000100070817310401GABRIELA  BEZERRA  DA  SILVA            RUA  05, N 120 PORTO  DA  ILHA PETROLINA            56300000                                                            000014
100000 000000000000 00090345100325490REGTIT31036221078634     0002020000005902926900000000002N           2  02000590292608031900000000230000000000099N110618000000000000000150000000000000000000000000000000000000000000000100019038211856MARCOS DONIZETE PAULELA                 ANTENOR ROZINELLI, 117 JARDIM SAN MARINO            13453476                                                            000015
100000 000000000000 00090345100325490REGTIT31036400892229     0002020000005994881700000000002N           2  01000599488110041900000000253330000000099N220319000000000000000170000000000000000000000000000000000000000000000100008480387700JOSE ROBENILSON FEITOSA                 RUA 57, Lote 06 A QUADRA 103 CAMPO GRAND            23097633                                                            000016
100000 000000000000 00090345100325490REGTIT31036400892229     0002020000005994882500000000002N           2  01000599488210051900000000253330000000099N220319000000000000000170000000000000000000000000000000000000000000000100008480387700JOSE ROBENILSON FEITOSA                 RUA 57, Lote 06 A QUADRA 103 CAMPO GRAND            23097633                                                            000017
100000 000000000000 00090345100325490REGTIT31036441697656     0002020000005948451900000000002N           2  02000594845120031900000000081670000000099N221018000000000000000050000000000000000000000000000000000000000000000100000975949896NASCIMENTO  JOSE  DA  SILVA             RUA  17, N  17 QUATI  2 PETROLINA PE                56300000                                                            000018
100000 000000000000 00090345100325490REGTIT31036704749324     0002020000005978364800000000002N           2  02000597836405031900000000262000000000099N040219000000000000000170000000000000000000000000000000000000000000000100026988968172ANAIR XAVIER DE DEUS                    ARACARI, 0 Q 50 LT 14 CASA 2 COLINA AZUL            74909000                                                            000019
100000 000000000000 00090345100325490REGTIT31036876371254     0002020000005994963500000000002N           2  01000599496307041900000000252000000000099N220319000000000000000170000000000000000000000000000000000000000000000100016444094100ANTONIA ISABEL DE LIMA                  RUA DA ENSEADA COOPHAVILA II, 1355 CENTR            79097080                                                            000020
100000 000000000000 00090345100325490REGTIT31036876371254     0002020000005994964300000000002N           2  01000599496407051900000000252000000000099N220319000000000000000170000000000000000000000000000000000000000000000100016444094100ANTONIA ISABEL DE LIMA                  RUA DA ENSEADA COOPHAVILA II, 1355 CENTR            79097080                                                            000021
100000 000000000000 00090345100325490REGTIT31036988558404     0002020000005994880900000000002N           2  01000599488030031900000000020000000000099N220319000000000000000010000000000000000000000000000000000000000000000210358994000176VERDINHAS HIDROCAMPO                    VEREADOR DOMINGOS BEVENUTO MOLETTA, 1220            83183000                                                            000022
100000 000000000000 00090345100325490REGTIT31037021390981     0002020000005986222P00000000002N           2  02000598622227031900000000415000000000099N270219000000000000000550000000000000000000000000000000000000000000000100097840840159RAIMUNDA LACERDA ARAUJO                 RUA 12 QD 18 LT 12, s|n Q15 LT22 INDEPEN            74967100                                                            000023
100000 000000000000 00090345100325490REGTIT31037374686470     0002020000005993444100000000002N           2  02000599344420031900000000799990000000099N180319000000000000000530000000000000000000000000000000000000000000000100071040323120VALDIR COSTA VIEIRA                     QR 415 CONJ 05 CS 29, 29 NORTE BRASILIA             72000000                                                            000024
100000 000000000000 00090345100325490REGTIT31037669070180     0002020000005985508800000000002N           2  02000598550820031900000000071230000000099N200219000000000000000050000000000000000000000000000000000000000000000100002000716962MARIA VICENTE BARBOSA                   QUADRA 2 LOTE 13, LOTE13 BAIXADA DA AREI            87170000                                                            000025
100000 000000000000 00090345100325490REGTIT31038194839383     0002020000005994893000000000002N           2  01000599489315041900000000089000000000099N220319000000000000000060000000000000000000000000000000000000000000000100053559444187LETICIA COSTA LEITE DIAS DA SILVA       RUA SABINO JOSE DA COSTA, 308 VILA NASSE            79117141                                                            000026
100000 000000000000 00090345100325490REGTIT31038194839383     0002020000005994894900000000002N           2  01000599489415051900000000089000000000099N220319000000000000000060000000000000000000000000000000000000000000000100053559444187LETICIA COSTA LEITE DIAS DA SILVA       RUA SABINO JOSE DA COSTA, 308 VILA NASSE            79117141                                                            000027
100000 000000000000 00090345100325490REGTIT31038229263168     0002020000005978623P00000000002N           2  02000597862315031900000000130000000000099N060219000000000000000090000000000000000000000000000000000000000000000100001798074206CARLA MICHELLE MATOS GOMES              CORONEL JUVENCIO SARMENTO, 1274 PONTA GR            66812490                                                            000028
100000 000000000000 00090345100325490REGTIT31039065250328     0002020000005994926000000000002N           2  01000599492615041900000000089000000000099N220319000000000000000060000000000000000000000000000000000000000000000100000204628750MARGARETH MEDEIROS DA SILVA RIBEIRO     RUA BRAULIO DE SOUZA, 517 JARDIM ITATIAI            79042030                                                            000029
100000 000000000000 00090345100325490REGTIT31039065250328     0002020000005994927900000000002N           2  01000599492715051900000000089000000000099N220319000000000000000060000000000000000000000000000000000000000000000100000204628750MARGARETH MEDEIROS DA SILVA RIBEIRO     RUA BRAULIO DE SOUZA, 517 JARDIM ITATIAI            79042030                                                            000030
100000 000000000000 00090345100325490REGTIT31039129801856     0002020000005969823300000000002N           2  02000596982320031900000000154000000000099N080119000000000000000100000000000000000000000000000000000000000000000100025482177874NERON GAVIAO                            JOAO TONON, 886 VILA BELA GUARAPUAVA PR             85027050                                                            000031
100000 000000000000 00090345100325490REGTIT31039591877369     0002020000005994921P00000000002N           2  01000599492110041900000000204400000000099N220319000000000000000270000000000000000000000000000000000000000000000100055757642068IRENI DA ROCHA BARBOSA                  JOSE STORT, 166 CENTRO GUAIBA RS                    92500000                                                            000032
100000 000000000000 00090345100325490REGTIT31039591877369     0002020000005994920100000000002N           2  01000599492010041900000001022000000000099N220319000000000000000000000000000000000000000000000000000000000000000100055757642068IRENI DA ROCHA BARBOSA                  JOSE STORT, 166 CENTRO GUAIBA RS                    92500000                                                            000033
100000 000000000000 00090345100325490REGTIT31039591877369     0002020000005994922800000000002N           2  01000599492210051900000000204400000000099N220319000000000000000270000000000000000000000000000000000000000000000100055757642068IRENI DA ROCHA BARBOSA                  JOSE STORT, 166 CENTRO GUAIBA RS                    92500000                                                            000034
100000 000000000000 00090345100325490REGTIT31039744466936     0002020000005994865500000000002N           2  01000599486507051900000000607500000000099N220319000000000000000410000000000000000000000000000000000000000000000100005092119926SIRLEY APARECIDA ALAIKO PAZ             CAPAO BONITO, 0 ZONA RURAL LAPA PR                  83750000                                                            000035
9                                                                                                                                                                                                                                                                                                                                                                                                         000036