01REMESSA01COBRANCA       00000000000004972103WC SISTEMAS E EQUIPAMENTOS DE 237BRADESCO       010319        MX0002580                                                                                                                                                                                                                                                                                     000001
100000 000000000000 00090345100240370REGTIT25801807071193     0002020000005915814P00000000002N           2  02180707119330071800000000099800000000099N090718000000000000000150000000000000000000000000000000000000000000000220183477000167YESSER MAED SALAMA EIRELI - ME          RUA ALBERTO BINS , 410                              90020120                                                            000002
100000 000000000000 00090345100240370REGTIT25801811068057     0002020000005953955000000000002N           2  02181106805730111800000000159800000000099N091118000000000000000240000000000000000000000000000000000000000000000214123720000159ALCIDES STRAPASSON JUNIOR ME             RUA ANGELO STRAPASSON COSTA, 752                   83414230                                                            000003
100000 000000000000 00090345100240370REGTIT25801812062749     0002020000005961613P00000000002N           2  02181206274928121800000000319700000000099N061218000000000000000480000000000000000000000000000000000000000000000217470656000170FALCON ALARMES LTDA                     RUA CEARA, 450                                      68633000                                                            000004
100000 000000000000 00090345100240370REGTIT25801812068057     0002020000005963084100000000002N           2  02181206805728121800000000289700000000099N061218000000000000000430000000000000000000000000000000000000000000000214123720000159ALCIDES STRAPASSON JUNIOR ME             RUA ANGELO STRAPASSON COSTA, 752                   83414230                                                            000005
100000 000000000000 00090345100240370REGTIT25801901000073     0002020000005970324500000000002N           2  02190100007330011900000000004950000000099N110119000000000000000010000000000000000000000000000000000000000000000208745918000171WC SISTEMAS E EQUIPAMENTOS DE INFORMATICAVENIDA CANDIDO DE ABREU, 70                        80530000                                                            000006
100000 000000000000 00090345100240370REGTIT25801901062749     0002020000005971192200000000002N           2  02190106274930011900000000174800000000099N110119000000000000000260000000000000000000000000000000000000000000000217470656000170FALCON ALARMES LTDA                     RUA CEARA, 450                                      68633000                                                            000007
100000 000000000000 00090345100240370REGTIT25801901068057     0002020000005972626100000000002N           2  02190106805730011900000000159800000000099N110119000000000000000240000000000000000000000000000000000000000000000214123720000159ALCIDES STRAPASSON JUNIOR ME             RUA ANGELO STRAPASSON COSTA, 752                   83414230                                                            000008
100000 000000000000 00090345100240370REGTIT25801902000073     0002020000005979170500000000002N           2  02190200007328021900000000004950000000099N080219000000000000000010000000000000000000000000000000000000000000000208745918000171WC SISTEMAS E EQUIPAMENTOS DE INFORMATICAVENIDA CANDIDO DE ABREU, 70                        80530000                                                            000009
100000 000000000000 00090345100240370REGTIT25801902000764     0002020000005979177200000000002N           2  02190200076428021900000004116910000000099N080219000000000000006180000000000000000000000000000000000000000000000208745918000171DEPARTAMENTO COMERCIAL CURITIBA         AV CANDIDO DE ABREU, 70                             80530000                                                            000010
100000 000000000000 00090345100240370REGTIT25801902023096     0002020000005979368600000000002N           2  02190202309628021900000000466540000000099N080219000000000000000700000000000000000000000000000000000000000000000206866893000139WEBCONTROL EMPRESAS - CPD               AVENIDA CANDIDO DE ABREU, 70                        80530000                                                            000011
100000 000000000000 00090345100240370REGTIT25801902050586     0002020000005979666900000000002N           2  02190205058628021900000000153900000000099N080219000000000000000230000000000000000000000000000000000000000000000215208195000137ATAIR ROGERIO ZWIRTES COMERCIO DE MOTO PRUA SERIEMA, 1283                                   83706390                                                            000012
100000 000000000000 00090345100240370REGTIT25801902062857     0002020000005980026700000000002N           2  02190206285728021900000000179800000000099N080219000000000000000270000000000000000000000000000000000000000000000210819302000140BILESKI E SANTOS LTDA ME                RUA PAULO ROBERTO CORDEIRO, 541                     83320610                                                            000013
100000 000000000000 00090345100240370REGTIT25801902064658     0002020000005980251000000000002N           2  02190206465828021900000000099800000000099N080219000000000000000150000000000000000000000000000000000000000000000202366684000175ROSELI LIMA DA COSTA - ME               RUA CARLOS DIETZSCH, 632                            80330000                                                            000014
100000 000000000000 00090345100240370REGTIT25801902064770     0002020000005980273100000000002N           2  02190206477028021900000000154800000000099N080219000000000000000230000000000000000000000000000000000000000000000219132665000187A T M MORORO - ME                       Q QUADRA 18 CONJUNTO, 14                            71571817                                                            000015
100000 000000000000 00090345100240370REGTIT25801902064846     0002020000005980289800000000002N           2  02190206484628021900000000099800000000099N080219000000000000000150000000000000000000000000000000000000000000000218335146000153SCHUCK COMERCIO E APARELHAMENTO DE PEDRAESTRADA DA GRACIOSA, 333                            83413200                                                            000016
100000 000000000000 00090345100240370REGTIT25801902065002     0002020000005980307P00000000002N           2  02190206500228021900000000149800000000099N080219000000000000000220000000000000000000000000000000000000000000000226418789000199M FALVES EIRELI - ME                    RUA CASPIO, 12                                      69038010                                                            000017
100000 000000000000 00090345100240370REGTIT25801902066966     0002020000005981009200000000002N           2  02190206696628021900000000169800000000099N080219000000000000000250000000000000000000000000000000000000000000000219004905000168SILVEIRA FILHO COME DE FER MAT HIDR E ELRUA PRIMEIRO DE MAIO, 1334                          81820340                                                            000018
100000 000000000000 00090345100240370REGTIT25801902069027     0002020000005981716P00000000002N           2  02190206902728021900000000144800000000099N080219000000000000000220000000000000000000000000000000000000000000000226364879000144GISELLE DE LIMA SOUZA ME                RUA JOAO ANTUNES, 630                               81230080                                                            000019
100000 000000000000 00090345100240370REGTIT25801902070362     0002020000005982185P00000000002N           2  02190207036228021900000000196690000000099N080219000000000000000300000000000000000000000000000000000000000000000251979256000123WEB CONTROL EMPRESAS                    AVENIDA CANDIDO DE ABREU, 70                        80530000                                                            000020
100000 000000000000 00090345100240370REGTIT25801902070885     0002020000005982412300000000002N           2  02190207088528021900000000126590000000099N080219000000000000000190000000000000000000000000000000000000000000000213428689000100LUCIANE DE FATIMA ALVES - COMERCIO E SER RUA ADALBERTO SCHERER, 30                          81030480                                                            000021
100000 000000000000 00090345100240370REGTIT25801902071000     0002020000005982471900000000002N           2  02190207100028021900000000148580000000099N080219000000000000000220000000000000000000000000000000000000000000000222523485000130ILVISON FIGURA                          TENENTE BELARMINO DA SILVEIRA, 22                   83750000                                                            000022
100000 000000000000 00090345100240370REGTIT25801902071323     0002020000005982660600000000002N           2  02190207132328021900000000069900000000099N080219000000000000000100000000000000000000000000000000000000000000000100004873727944EMILIO BOM PEIXE SCHULTE NETTO          RUA TRAJANO REIS, 326                               80510220                                                            000023
100000 000000000000 00090345100240370REGTIT25801902071593     0002020000005982831500000000002N           2  02190207159328021900000000099800000000099N080219000000000000000150000000000000000000000000000000000000000000000230799519000142LETICIA KRAUSPENHAR CIRIO               NILO PAVARO , 117                                   83420000                                                            000024
100000 000000000000 00090345100240370REGTIT25801902072490     0002020000005983471400000000002N           2  02190207249028021900000000129900000000099N080219000000000000000190000000000000000000000000000000000000000000000232074261000142JC DA COSTA E CIA LTDA                  RUA PROFESSOR DUILIO CALDERARI, 2057                83430000                                                            000025
100000 000000000000 00090345100240370REGTIT25801902072538     0002020000005983512500000000002N           2  02190207253828021900000000099800000000099N080219000000000000000150000000000000000000000000000000000000000000000229994405000174CASA DONA BENE COMERCIO DE MOVEIS LTDA  R DOM PEDRO I, 278                                  80620130                                                            000026
100000 000000000000 00090345100240370REGTIT25801902072643     0002020000005983597400000000002N           2  02190207264328021900000000279800000000099N080219000000000000000420000000000000000000000000000000000000000000000100004537943947TATIANE DE OLIVEIRA TEIXEIRA PEREIRA    RUA PARANAGUA, 339 B                                83410390                                                            000027
100000 000000000000 00090345100240370REGTIT25801902072674     0002020000005983625300000000002N           2  02190207267428021900000000069900000000099N080219000000000000000100000000000000000000000000000000000000000000000229910707000117MARCIA FERREIRA LOPES LASTRA            R VISCONDE DO RIO BRANCO, 1818                      83005420                                                            000028
100000 000000000000 00090345100240370REGTIT25801902072750     0002020000005983691100000000002N           2  02190207275028021900000000089800000000099N080219000000000000000130000000000000000000000000000000000000000000000231302654000101SALTURI COMERCIO DE CARNES LTDA         R PROFESSORA ANTONIA REGINATO VIANNA, 34            82810300                                                            000029
100000 000000000000 00090345100240370REGTIT25801902072813     0002020000005983747000000000002N           2  02190207281328021900000000059900000000099N080219000000000000000090000000000000000000000000000000000000000000000222282043000140DAYVISON SOUZA CUNHA                    AVENIDA ANITA GARIBALDI, 5532                       82220000                                                            000030
100000 000000000000 00090345100240370REGTIT25801902072862     0002020000005983793400000000002N           2  02190207286228021900000000099800000000099N080219000000000000000150000000000000000000000000000000000000000000000227788061000111MELISSA ROCHER DE FARIAS & CIA LTDA     RUA BENJAMIN CONSTANT, 19                           83570000                                                            000031
100000 000000000000 00090345100240370REGTIT25801902073026     0002020000005983948100000000002N           2  02190207302628021900000000136790000000099N080219000000000000000210000000000000000000000000000000000000000000000231801358000147WILDO PAULO NUNES - COMERCIO DE BEBIDAS RUA BARAO DO CERRO AZUL, 637                        83301000                                                            000032
100000 000000000000 00090345100240370REGTIT25801902073072     0002020000005983991000000000002N           2  02190207307228021900000000069900000000099N080219000000000000000100000000000000000000000000000000000000000000000212301349000142C I J MECANICA E PECAS LTDA             RUA CLARA LEINEKER RECHETELO, 103                   81320502                                                            000033
100000 000000000000 00090345100240370REGTIT25801902073086     0002020000005984003P00000000002N           2  02190207308628021900000000099800000000099N080219000000000000000150000000000000000000000000000000000000000000000230950366000192NEIVA PEREIRA FRANCA BERNARDO           RUA MANOEL RIBAS, 2197                              83708353                                                            000034
100000 000000000000 00090345100240370REGTIT25801902073106     0002020000005984022600000000002N           2  02190207310628021900000000099800000000099N080219000000000000000150000000000000000000000000000000000000000000000216761077000114ALEXANDRE TIZZIANI                      RUA JOSE BONIFACIO, 77                              83508070                                                            000035
100000 000000000000 00090345100240370REGTIT25801902073128     0002020000005984043900000000002N           2  02190207312828021900000000099800000000099N080219000000000000000150000000000000000000000000000000000000000000000282214537000119BACAMARTE ARTIGOS PARA CACA E PESCA LTDAAVENIDA MANOEL RIBAS, 6403                          82400000                                                            000036
100000 000000000000 00090345100240370REGTIT25801902073147     0002020000005984059500000000002N           2  02190207314728021900000000099800000000099N080219000000000000000150000000000000000000000000000000000000000000000231969864000140SAMUEL DAVI HERVIS LIMA                 R JOAO JOSE DE CARVALHO, 423                        83800000                                                            000037
100000 000000000000 00090345100240370REGTIT25801902073170     0002020000005984079P00000000002N           2  02190207317028021900000000099800000000099N080219000000000000000150000000000000000000000000000000000000000000000230609758000192LUIS CARLOS ALVES DE LIMA FILHO         R PRECILA FRONZA, 115                               82115300                                                            000038
100000 000000000000 00090345100240370REGTIT25801902073181     0002020000005984090000000000002N           2  02190207318128021900000000079900000000099N080219000000000000000120000000000000000000000000000000000000000000000222738969000105CARLOS ALBERTO RAIMUNDO CAMARGO ME      AVENIDA IRAI, 1145                                  83321000                                                            000039
100000 000000000000 00090345100240370REGTIT2580996654796121   0002020090005984235100000000002N           2  02996654796115021900000000329700000000099N110219000000000000000490000000000000000000000000000000000000000000000212656094000211NEDINO FERREIRA NEVES ME                RUA JOSE DE OLIVEIRA FRANCO, 1217                   82840000                                                            000040
100000 000000000000 00090345100240370REGTIT2580997054985005   0002020090005939513400000000002N           2  02997054985008101800000000314700000000099N270918000000000000000470000000000000000000000000000000000000000000000220468022000198D LIMA GAS LTDA                         R JOAO VITOR FALAVINHA, 537                         83430000                                                            000041
9                                                                                                                                                                                                                                                                                                                                                                                                         000042