01REMESSA01COBRANCA       00000000000004972103WC SISTEMAS E EQUIPAMENTOS DE 237BRADESCO       130319        MX0002618                                                                                                                                                                                                                                                                                     000001
100000 000000000000 00090345100240370REGTIT26181902064056     0002020000005980165400000000002N           2  02190206405628021900000000177500000000099N080219000000000000000270000000000000000000000000000000000000000000000223995861000152ANDRE WINICIUS DIAS DARDENNE DE ARAUJO 7RUA SAO MATEUS, 103                                 50731370                                                            000002
9                                                                                                                                                                                                                                                                                                                                                                                                         000003