01REMESSA01COBRANCA       00000000000004852239ISPCN                         237BRADESCO       140319        MX0003039                                                                                                                                                                                                                                                                                     000001
100000 000000000000 00090345100325490REGTIT30391385894959     0002020000005937741000000000002N           2  02000593774110031900000000100000000000099N170918000000000000000070000000000000000000000000000000000000000000000100096307820497MARIA EDILEUZA TELES RODRIGUES          RUA: DO IMPERADOR, 27 VILA MOCÓ PETROLIN            56300000                                                            000002
100000 000000000000 00090345100325490REGTIT30391404419619     0002020000005939883300000000002N           2  02000593988310031900000000100000000000099N290918000000000000000130000000000000000000000000000000000000000000000100037182823802AUGUSTO MARCIO BARBOSA DA SILVA         BETA, 21 CERAMICA BL.3.B AP 323.B JARDIM            06680109                                                            000003
100000 000000000000 00090345100325490REGTIT30391530753874     0002020000005978991300000000002N           2  02000597899110031900000000095000000000099N080219000000000000000060000000000000000000000000000000000000000000000100012283150272JOSÉ LUIZ LIMA DOS PRAZERES             TRAVESSA CRISTOVAO COLOMBO, 341 PREDIO R            66810000                                                            000004
100000 000000000000 00090345100325490REGTIT30391943562159     0002020000005970255900000000002N           2  02000597025510031900000000043000000000099N100119000000000000000030000000000000000000000000000000000000000000000100006731415430GEANE HENRIQUE DA SILVA                 TRANSAMAZONICA QD 54 LT 06, S|N  QD 54 L            74970360                                                            000005
100000 000000000000 00090345100325490REGTIT30392049788555     0002020000005992995200000000002N           2  01000599299525041900000000319280000000099N140319000000000000000210000000000000000000000000000000000000000000000100094355703800DAVINA JOCELINA SANTOS LOPES            ROQUE DE MINGO, 523 JARDIM SAMARA SAO PA            05759290                                                            000006
100000 000000000000 00090345100325490REGTIT30392312986771     0002020000005938310000000000002N           2  02000593831010031900000000100000000000099N200918000000000000000070000000000000000000000000000000000000000000000100009967605553LUIZ  GONZAGA  MUNIZ  DE  FREITAS       RUA  CREMILDA GOMES  DA  SILVA, N 288A J            56300000                                                            000007
100000 000000000000 00090345100325490REGTIT30392602434476     0002020000005985577000000000002N           2  02000598557710031900000000100000000000099N200219000000000000000070000000000000000000000000000000000000000000000100066571634287EUCLETA PANTOJA                         SANTA MARIA, 288 B AGULHA (ICOARACI) BEL            66811660                                                            000008
100000 000000000000 00090345100325490REGTIT30392726064034     0002020000005931638100000000002N           2  02000593163810031900000000198000000000099N100918000000000000000130000000000000000000000000000000000000000000000100041236224884ANDRÉIA CECILIA PAULENA                 JOSÉ LEITE DE GODOY, 183 CONJUNTO HABITA            13453522                                                            000009
100000 000000000000 00090345100325490REGTIT30392875189329     0002020000005940927400000000002N           2  02000594092710031900000000200000000000099N051018000000000000000130000000000000000000000000000000000000000000000100025022598434PAULO DO BONFIM                         RUA 05, 110 JARDIM SAO PAULO PETROLINA              56300000                                                            000010
100000 000000000000 00090345100325490REGTIT30393196131512     0002020000005957119500000000002N           2  02000595711910031900000000125000000000099N141118000000000000000080000000000000000000000000000000000000000000000100038627043434MARIA CICERA DE ARAUJO                  RUA DANTAS BARRETO, 272 VILA EDUARDO  PE            56300000                                                            000011
100000 000000000000 00090345100325490REGTIT30393420489550     0002020000005939687300000000002N           2  02000593968710031900000001000000000000099N280918000000000000000670000000000000000000000000000000000000000000000100042189204860GUSTAVO OLIVEIRA DO NASCIMENTO          VIDA NOVA, 156 AP 223 BL E JARDIM MARIA             06764045                                                            000012
100000 000000000000 00090345100325490REGTIT30393429355811     0002020000005940594500000000002N           2  02000594059410031900000000055000000000099N031018000000000000000040000000000000000000000000000000000000000000000100025186109878RAIMUNDO DA SILVA VITORINO              PEDRO CANDIDO RANGEL, 199 PARQUE RESIDEN            13458066                                                            000013
100000 000000000000 00090345100325490REGTIT30393653346105     0002020000005909027800000000002N           2  02000590902713031900000000100000000000099N190618000000000000000070000000000000000000000000000000000000000000000100008646977838MARIA DA CRUZ MACEDO VELOSO             R. ATUCUPE, 342 JARDIM LEÔNIDAS MOREIRA             05792050                                                            000014
100000 000000000000 00090345100325490REGTIT30393672702088     0002020000005931022700000000002N           2  02000593102206031900000000106250000000099N050918000000000000000070000000000000000000000000000000000000000000000100018789196449RAIMUNDA NILA GONCALVES                 ARE: 19, LOTE: 1911 PROJETO MARIA TEREZA            56300000                                                            000015
100000 000000000000 00090345100325490REGTIT30394147350365     0002020000005939523000000000002N           2  02000593952325021900000000095000000000099N270918000000000000000060000000000000000000000000000000000000000000000100006445261493IRACI PAULA DA SILVA                    RUA RIO PONTAL, 26 JOSE MARIA  PETROLINA            56300000                                                            000016
100000 000000000000 00090345100325490REGTIT30394523376499     0002020000005992953700000000002N           2  02000599295315031900000000300000000000099N140319000000000000000200000000000000000000000000000000000000000000000100012529697914MATHEUS MARTINS COSTA                   ANGELO MANFRON, 98 CASA SEDE CAMPO MAGRO            83535000                                                            000017
100000 000000000000 00090345100325490REGTIT30395292432821     0002020000005950629600000000002N           2  02000595062903031900000000107150000000099N061118000000000000000070000000000000000000000000000000000000000000000100090100301487CICERA SOARES DE LIMA                   RUA 13, S|N VILA NOVA PROJETO N8 PETROLI            56300000                                                            000018
100000 000000000000 00090345100325490REGTIT30395653727584     0002020000005984867700000000002N           2  02000598486721021900000000094900000000099N140219000000000000000060000000000000000000000000000000000000000000000100011431930911FERNANDA CRISTINA MARTINS OLIVEIRA      SETE DE SETEMBRO, 718 CENTRO PONTA GROSS            84010350                                                            000019
100000 000000000000 00090345100325490REGTIT30395800848619     0002020000005970156000000000002N           2  02000597015610031900000000300000000000099N100119000000000000000200000000000000000000000000000000000000000000000100033275878840SELMA ALVES SILVA                       ELZA MARINA DOHOCZKI, 84 JARDIM MARIA LU            06770210                                                            000020
100000 000000000000 00090345100325490REGTIT30395960421421     0002020000005918184200000000002N           2  02000591818414021900000000150000000000099N200718000000000000000100000000000000000000000000000000000000000000000100028502833472ANTONIO SEBASTIAO NETO                  01, 70 TERRA DO SUL  PETROLINA  PE                  56300000                                                            000021
100000 000000000000 00090345100325490REGTIT30395994232280     0002020000005977440100000000002N           2  02000597744010031900000000200000000000099N250119000000000000000130000000000000000000000000000000000000000000000100008247757249MARIA MADALENA DOS SANTOS ALMEIDA       TRAVESSA N4, 338 CONJUNTO COHAB CAMPINA             66815610                                                            000022
100000 000000000000 00090345100325490REGTIT30396046751977     0002020000005897576400000000002N           2  02000589757614031900000000082000000000099N160518000000000000000050000000000000000000000000000000000000000000000100098482726404JORGE IVAN RODRIGUES BRUNO              PADRE HENRIQUE, 376 OURO PRETO PETROLINA            56300000                                                            000023
100000 000000000000 00090345100325490REGTIT30396124105867     0002020000005966206900000000002N           2  02000596620610031900000000095000000000099N101218000000000000000060000000000000000000000000000000000000000000000100048066060220MARIA FERREIRA MIRANDA                  SANTA ISABEL, 706 CRUZEIRO (ICOARACI) BE            66810090                                                            000024
100000 000000000000 00090345100325490REGTIT30396192525960     0002020000005950809400000000002N           2  02000595080918021900000000166670000000099N071118000000000000000110000000000000000000000000000000000000000000000100052159116220LEONIRA RODRIGUES DE FREITAS            VILA BAMBU, S|N ZONA RURAL  SENADOR JOSE            68360000                                                            000025
100000 000000000000 00090345100325490REGTIT30396429976324     0002020000005970075000000000002N           2  02000597007512031900000000366810000000099N100119000000000000000240000000000000000000000000000000000000000000000100025392913504NAIR LIMA SAMPAIO                       OLIMPIO RODRIGUES DE ARAUJO,  JARDIM MAC            05894390                                                            000026
100000 000000000000 00090345100325490REGTIT30396442785014     0002020000005960321600000000002N           2  02000596032104031900000000099670000000099N041218000000000000000070000000000000000000000000000000000000000000000100038314787833MARIA CATARINA DE FREITAS               PADRE CIVETA, 309 CENTRO MONTE MOR SP               13190000                                                            000027
100000 000000000000 00090345100325490REGTIT30396605596041     0002020000005937399700000000002N           2  02000593739911031900000000033350000000099N140918000000000000000020000000000000000000000000000000000000000000000100053619064415IVANILDE BRIGDA VIEIRA                  RUA D, QUADRA H BLOCO GOGARIM NOVA PETRO            56300000                                                            000028
100000 000000000000 00090345100325490REGTIT30396761473574     0002020000005993020900000000002N           2  01000599302015041900000000109930000000099N140319000000000000000070000000000000000000000000000000000000000000000100011431930911FERNANDA CRISTINA MARTINS OLIVEIRA      SETE DE SETEMBRO, 718 CENTRO PONTA GROSS            84010350                                                            000029
100000 000000000000 00090345100325490REGTIT30396929052981     0002020000005966180100000000002N           2  02000596618010031900000000034930000000099N101218000000000000000020000000000000000000000000000000000000000000000100010102971986CAMILA DOS SANTOS FERBONI               MACHADO DE ASSIS, 923 CENTRO OURIZONA PR            87170000                                                            000030
100000 000000000000 00090345100325490REGTIT30396961277743     0002020000005993023300000000002N           2  01000599302322041900000000140000000000099N140319000000000000000190000000000000000000000000000000000000000000000100033446574883THIAGO NEVES NOBREGA                    EDMUNDO PAGIOSSI FILHO, 121 CASA JARDIM             06657200                                                            000031
100000 000000000000 00090345100325490REGTIT30397026269261     0002020000005930612200000000002N           2  02000593061207031900000000150000000000099N040918000000000000000100000000000000000000000000000000000000000000000100088376044400MARIA  IRANI DA  SILVA  BARBOSA         RUA  25, N 13 RIO  CORRENTE PETROLINA PE            56300000                                                            000032
100000 000000000000 00090345100325490REGTIT30397066102404     0002020000005958242100000000002N           2  02000595824222021900000000168000000000099N221118000000000000000110000000000000000000000000000000000000000000000100005834742688LAZARO RODRIGUES DA SILVA               VITORIO FURLAN, 140 RESIDENCIAL FURLAN S            13451201                                                            000033
100000 000000000000 00090345100325490REGTIT30397171236409     0002020000005949102700000000002N           2  02000594910214031900000000042980000000099N251018000000000000000030000000000000000000000000000000000000000000000100010102971986CAMILA DOS SANTOS FERBONI               MACHADO DE ASSIS, 923 CENTRO OURIZONA PR            87170000                                                            000034
100000 000000000000 00090345100325490REGTIT30397245409972     0002020000005948620100000000002N           2  02000594862007031900000000105560000000099N231018000000000000000070000000000000000000000000000000000000000000000100074746090459FRANCISCO RODRIGUES DA SILVA            RUA 48, 181 JOAO DE DEUS PETROLINA PE               56300000                                                            000035
100000 000000000000 00090345100325490REGTIT30397275095292     0002020000005992994400000000002N           2  01000599299414041900000000900000000000099N140319000000000000000600000000000000000000000000000000000000000000000100094355703800DAVINA JOCELINA SANTOS LOPES            ROQUE DE MINGO, 523 JARDIM SAMARA SAO PA            05759290                                                            000036
100000 000000000000 00090345100325490REGTIT30397573239207     0002020000005987503800000000002N           2  02000598750326031900000000104120000000099N110319000000000000000070000000000000000000000000000000000000000000000100057492948468JOSÉ PEREIRA DE SOUZA FILHO             NILTON MACHADO DE BARROS, 43 PARQUE FERN            05889000                                                            000037
100000 000000000000 00090345100325490REGTIT30397580032741     0002020000005951360800000000002N           2  02000595136008031900000000100000000000099N081118000000000000000070000000000000000000000000000000000000000000000100005249620493DURVALINA   PASTORA   MARIA  DA   CONCEIRUA  23, N  78 RIO  CORRENTE PETROLINA P            56300000                                                            000038
100000 000000000000 00090345100325490REGTIT30397734529135     0002020000005987067200000000002N           2  02000598706709041900000000700000000000099N090319000000000000000470000000000000000000000000000000000000000000000100091509483500ZELIA BARBOSA DE ALMEIDA                JOAO BAZZOLI, 73 JARDIM SAINT MORITZ TAB            06787655                                                            000039
100000 000000000000 00090345100325490REGTIT30397807685248     0002020000005969733400000000002N           2  02000596973315031900000001006410000000099N080119000000000000000670000000000000000000000000000000000000000000000100004546311893MARCO ANTONIO DOS SANTOS                NOVE DE JULHO, 1289 AP131 BELA VISTA SAO            01313000                                                            000040
100000 000000000000 00090345100325490REGTIT30397851084445     0002020000005926238900000000002N           2  02000592623805031900000000085000000000099N110818000000000000000060000000000000000000000000000000000000000000000100010927681498JOÃO BATISTA DO NASCIMENTO              ILHA DO COQUEIRO, S|N ILHA DO COQUEIRO P            56300000                                                            000041
100000 000000000000 00090345100325490REGTIT30397853567384     0002020000005984872300000000002N           2  02000598487214031900000000104000000000099N140219000000000000000070000000000000000000000000000000000000000000000100038314787833MARIA CATARINA DE FREITAS               PADRE CIVETA, 309 CENTRO MONTE MOR SP               13190000                                                            000042
100000 000000000000 00090345100325490REGTIT30398060141098     0002020000005992996000000000002N           2  01000599299624041900000000500000000000099N140319000000000000000330000000000000000000000000000000000000000000000100023023907846HUDSON DE JESUS  NASCIMENTO             SERAFIM ALVARES, 476 JARDIM SAO MANOEL S            05871370                                                            000043
100000 000000000000 00090345100325490REGTIT30398129833419     0002020000005951126500000000002N           2  02000595112610031900000001549320000000099N071118000000000000001030000000000000000000000000000000000000000000000100003460005998VALDECI MOISES DE LIMA                  BENTO CANDIDO DA SILVA, 443 CENTRO ITAMB            86375000                                                            000044
100000 000000000000 00090345100325490REGTIT30398258077965     0002020000005917621000000000002N           2  02000591762110031900000000259000000000099N180718000000000000000170000000000000000000000000000000000000000000000100027985746846FABIANA CRISTINA DA BRAGALIA            CLÁUDIO MANOEL DA COSTA, 99 ROCHELLE II             13450000                                                            000045
100000 000000000000 00090345100325490REGTIT30398349682750     0002020000005984848000000000002N           2  02000598484814031900000000336410000000099N140219000000000000000220000000000000000000000000000000000000000000000100031927090814ADRIANO OLIVEIRA MOTA                   SAO FRANCISCO, 1800 AP141 BL D JARDIM HE            06764290                                                            000046
100000 000000000000 00090345100325490REGTIT30398764992691     0002020000005960546400000000002N           2  02000596054610031900000000260000000000099N051218000000000000000170000000000000000000000000000000000000000000000100027835079860CLAUDIO DA SILVA LIMA                   MARIETA LUPPO RABELLO, 16 VILA SANTA LUC            04940130                                                            000047
100000 000000000000 00090345100325490REGTIT30398769017387     0002020000005916452200000000002N           2  02000591645210031900000000230000000000099N100718000000000000000150000000000000000000000000000000000000000000000100013385275849JOSE CORREA NEVES                       FRANCISCO M. DA SILVA, 100 JARDIM BATAGI            13453076                                                            000048
100000 000000000000 00090345100325490REGTIT30398848540522     0002020000005977603P00000000002N           2  02000597760328021900000000358000000000099N280119000000000000000240000000000000000000000000000000000000000000000100026963854831GISLENE ALMEIDA NOGUEIRA                DOM PEDRO II,  1983 AP 33 BLOCO 6 CENTRO            06401060                                                            000049
100000 000000000000 00090345100325490REGTIT30399174251519     0002020000005979068700000000002N           2  02000597906808031900000000150000000000099N080219000000000000000100000000000000000000000000000000000000000000000100041096667835LAIS FRANCISCA BEZERRA DA SILVA         PALMEIRA D OESTE, 630 PARQUE SANTA TEREZ            06622240                                                            000050
100000 000000000000 00090345100325490REGTIT30399243585637     0002020000005950204500000000002N           2  02000595020401031900000000116670000000099N011118000000000000000080000000000000000000000000000000000000000000000100070955904439DAYLANE FLORIANO LOPES                  QUADRA H, 17 PROJETO N9  PETROLINA PE               56300000                                                            000051
100000 000000000000 00090345100325490REGTIT30399508801756     0002020000005931329300000000002N           2  02000593132906031900000000133350000000099N060918000000000000000090000000000000000000000000000000000000000000000100000823677443ANTONIA LUCIENE DE SOUZA                RUA: 12, 270 VILA DEBORA PETROLINA PE               56300000                                                            000052
9                                                                                                                                                                                                                                                                                                                                                                                                         000053