01REMESSA01COBRANCA       00000000000004852239ISPCN                         237BRADESCO       180319        MX0003054                                                                                                                                                                                                                                                                                     000001
100000 000000000000 00090345100325490REGTIT30542081595932     0002020000005985735800000000002N           2  06000598573530031900000000195000000000099N220219000000000000000130000000000000000000000000000000000000000000000100003900475202TEREZA DOS SANTOS RAMOS                 RIO CARA-CARA, 00 CACHOEIRA DO ARARI MAR            68840000                                                            000002
100000 000000000000 00090345100325490REGTIT30543526269731     0002020000005975436200000000002N           2  02000597543614031900000000064650000000099N140119000000000000000040000000000000000000000000000000000000000000000100002000716962MARIA VICENTE BARBOSA                   QUADRA 2 LOTE 13, LOTE13 BAIXADA DA AREI            87170000                                                            000003
100000 000000000000 00090345100325490REGTIT30544330981518     0002020000005947131P00000000002N           2  02000594713110031900000000105000000000099N111018000000000000000070000000000000000000000000000000000000000000000100004145318412KEILA  KATIANA  AMORIM  SILVA           RUA  G, N 25 TORRES  DOLAMITA   PETROLIN            56300000                                                            000004
100000 000000000000 00090345100325490REGTIT30547210859060     0002020000005959641400000000002N           2  02000595964107031900000000175000000000099N301118000000000000000120000000000000000000000000000000000000000000000100004761605960LUCAS BALAN                             EQUADOR, 117 JARDIM VITORIA CAMBE PR                86182135                                                            000005
100000 000000000000 00090345100325490REGTIT30548441509211     0002020000005993443300000000002N           2  01000599344315041900000001494000000000099N180319000000000000001000000000000000000000000000000000000000000000000211606760000163RP PISOS EPOXI LTDA                     ,  WEISSOPOLIS PINHAIS PR                           83322000                                                            000006
9                                                                                                                                                                                                                                                                                                                                                                                                         000007