01REMESSA01COBRANCA       00000000000004852239ISPCN                         237BRADESCO       060319        MX0002964                                                                                                                                                                                                                                                                                     000001
100000 000000000000 00090345100325490REGTIT29641476078993     0002020000005985260700000000002N           2  02000598526011031900000000353200000000099N180219000000000000000240000000000000000000000000000000000000000000000100053155084049CATIA CILENE FONTOURA ARRUDA            LUPICINIO RODRIGUES, 1259 CASA STA RITA             92500000                                                            000002
100000 000000000000 00090345100325490REGTIT29641517814658     0002020000005908935000000000002N           2  02000590893510031900000000170000000000099N190618000000000000000110000000000000000000000000000000000000000000000100030691104875SANDRA SOARES OLIVEIRA                  SITIO GRACIANO, 00 PORTAO VERDE SANTO AN            13450000                                                            000003
100000 000000000000 00090345100325490REGTIT29641967084163     0002020000005986614400000000002N           2  01000598661405041900000000120000000000099N060319000000000000000080000000000000000000000000000000000000000000000100000761266330SILVANA DA LUZ SILVEIRA                 RUA COELHO NETO, 237 SAO JOAO DO MARANHA            65290000                                                            000004
100000 000000000000 00090345100325490REGTIT29641967084163     0002020000005986615200000000002N           2  01000598661505051900000000120000000000099N060319000000000000000080000000000000000000000000000000000000000000000100000761266330SILVANA DA LUZ SILVEIRA                 RUA COELHO NETO, 237 SAO JOAO DO MARANHA            65290000                                                            000005
100000 000000000000 00090345100325490REGTIT29642410532587     0002020000005902058P00000000002N           2  02000590205815021900000000330000000000099N070618000000000000000220000000000000000000000000000000000000000000000100037564791888TAINA KRYSIA G TEIXEIRA                 OSORIO DUQUE ESTRADA, 647 JD BATIGIM SBO            13450000                                                            000006
100000 000000000000 00090345100325490REGTIT29643905874354     0002020000005986613600000000002N           2  01000598661311031900000000585000000000099N060319000000000000000390000000000000000000000000000000000000000000000280260052000136LUVASUL INDUSTRIAL LTDA                 R PEDRO TREVISAN, 297 COLONIA RIO GRANDE            83025580                                                            000007
100000 000000000000 00090345100325490REGTIT29645783416827     0002020000005985296800000000002N           2  02000598529605031900000000122670000000099N180219000000000000000080000000000000000000000000000000000000000000000100011687443858MARCOS FRANCISCO DOS SANTOS             RUA SEBASTIAO MALUCELLI, 1200 BL E AP 23            81050270                                                            000008
100000 000000000000 00090345100325490REGTIT29646323695911     0002020000005970266400000000002N           2  02000597026605031900000000120000000000099N100119000000000000000080000000000000000000000000000000000000000000000100059067993204ALEXANDRE PANTOJA GONÇALVES             SIQUEIRA MENDES, 594 CRUZEIRO (ICOARACI)            66810050                                                            000009
100000 000000000000 00090345100325490REGTIT29646789416207     0002020000005978079700000000002N           2  02000597807902031900000000196000000000099N310119000000000000000130000000000000000000000000000000000000000000000100029552273234NALVA DO SOCORRO SOUZA DA SILVA         TRAVESSA SAO ROQUE, 974 CRUZEIRO BELEM P            66810020                                                            000010
100000 000000000000 00090345100325490REGTIT29646819945983     0002020000005976766900000000002N           2  02000597676610031900000000560000000000099N220119000000000000000370000000000000000000000000000000000000000000000100011551813874VILMA AP SOARES DA SILVA                PEDRO CANDIDO RANGEL, 183 PARQUE RESIDEN            13458066                                                            000011
100000 000000000000 00090345100325490REGTIT29647199686968     0002020000005986618700000000002N           2  01000598661810041900000000088900000000099N060319000000000000000120000000000000000000000000000000000000000000000100053155084049CATIA CILENE FONTOURA ARRUDA            LUPICINIO RODRIGUES, 1259 CASA STA RITA             92500000                                                            000012
100000 000000000000 00090345100325490REGTIT29648283395688     0002020000005968882300000000002N           2  02000596888228021900000000350000000000099N271218000000000000000230000000000000000000000000000000000000000000000100005752450268JUCIREMA CONCEIÇÃO DOS SANTOS           TRAVESSA DO CRUZEIRO, 1296 CRUZEIRO BELE            66810000                                                            000013
9                                                                                                                                                                                                                                                                                                                                                                                                         000014