01REMESSA01COBRANCA       00000000000004852239ISPCN                         237BRADESCO       120319        MX0003010                                                                                                                                                                                                                                                                                     000001
100000 000000000000 00090345100325490REGTIT30101137468446     0002020000005987603400000000002N           2  01000598760320041900000000195800000000099N120319000000000000000130000000000000000000000000000000000000000000000100004025960133ROSILENE RODRIGUES DOS SANTOS           QR 413 CONJ 08 CASA 14,  SAMAMBAIA NORTE            72323010                                                            000002
100000 000000000000 00090345100325490REGTIT30101213376853     0002020000005919840000000000002N           2  01000591984010051900000000300000000000099N310718000000000000000200000000000000000000000000000000000000000000000100002842951166THIAGO JUNIOR SANTANA                   NATALICIO L. DA SILVA, S|N DISTRITO IVIN            79740000                                                            000003
100000 000000000000 00090345100325490REGTIT30101313575717     0002020000005975868600000000002N           2  02000597586815031900000000104700000000099N150119000000000000000070000000000000000000000000000000000000000000000100081678711268LUCILENE DA SILVA FLORENCIO             BELA VISTA, 466 CENTRO OURIZONA PR                  87170000                                                            000004
100000 000000000000 00090345100325490REGTIT30101932894127     0002020000005939359900000000002N           2  02000593935915031900000000140000000000099N270918000000000000000090000000000000000000000000000000000000000000000100028694988453BERNADETE DA CRUZ FERREIRA              RUA: CASTRO ALVES, 245 CENTRO  PETROLINA            56300000                                                            000005
100000 000000000000 00090345100325490REGTIT30102098461281     0002020000005947284700000000002N           2  01000594728410051900000000555830000000099N131018000000000000000370000000000000000000000000000000000000000000000100003204056139FABIANO BENITES                         PRIMAVERA, S|N RURAL NOVA ANDRADINA MS              79750000                                                            000006
100000 000000000000 00090345100325490REGTIT30102930389460     0002020000005723136200000000002N           2  01000572313610051900000000490000000000099N030417000000000000001310000000000000000000000000000000000000000000000100061471003191RAMUALDO MARTINS                        VIGA, s/n RURAL RIBAS DO RIO PARDO MS               79180000                                                            000007
100000 000000000000 00090345100325490REGTIT30103072815322     0002020000005970175700000000002N           2  01000597017511051900000000119250000000099N100119000000000000000080000000000000000000000000000000000000000000000100061635600944MARIA DO SOCORRO DE LISBOA              CIDADE DE ANTONINA, 38 CAJURU CURITIBA P            82960090                                                            000008
100000 000000000000 00090345100325490REGTIT30105303496461     0002020000005987601800000000002N           2  01000598760102041900000000220000000000099N120319000000000000000370000000000000000000000000000000000000000000000223410977000182ALEGRIA DA GULLA                        IEDA SOLANGE RIBEIRO, 939 IPE SAO JOSE D            83055210                                                            000009
100000 000000000000 00090345100325490REGTIT30106691111814     0002020000005969555200000000002N           2  01000596955510051900000000225000000000099N070119000000000000000150000000000000000000000000000000000000000000000100026032039838MARIA PEREIRA DE CAMPOS                 LEONIDAS SECHI, 281 AFONSO PENA SAO JOSE            83050330                                                            000010
100000 000000000000 00090345100325490REGTIT30107260228022     0002020000005984593700000000002N           2  01000598459310051900000000264000000000099N130219000000000000000180000000000000000000000000000000000000000000000100083298584991AURO LEANDRO VAZ                        MANOEL MARASSATI, 77 SAO SEBASTIAO SAO J            83075178                                                            000011
100000 000000000000 00090345100325490REGTIT30107664969137     0002020000005887389900000000002N           2  01000588738910051900000000490000000000099N180418000000000000000820000000000000000000000000000000000000000000000100059536187191ALZIRA GONÇALVES COSTA                  TAQUARUSSU, s/n RURAL TAQUARUSSU MS                 79765000                                                            000012
100000 000000000000 00090345100325490REGTIT30107783716242     0002020000005911289100000000002N           2  01000591128911051900000000270000000000099N060718000000000000000180000000000000000000000000000000000000000000000100039019870106MILTON ALVES DA SILVA                   NOVA ALVORADA, S|N RURAL NOVA ALVORADA D            79140000                                                            000013
100000 000000000000 00090345100325490REGTIT30108659595238     0002020000005939738100000000002N           2  02000593973805031900000000458000000000099N280918000000000000000310000000000000000000000000000000000000000000000100001055459103RAFAEL CARDOSO NEVES                    SANTA FLORA, S|N RURAL NOVA ANDRADINA MS            79750000                                                            000014
100000 000000000000 00090345100325490REGTIT30108701121927     0002020000005960678900000000002N           2  02000596067806031900000000163330000000099N061218000000000000000110000000000000000000000000000000000000000000000100074359878249DEREK FABIO DOS SANTOS BENTES           JULIO GOMES, 439 CAMPINA DE ICOARACI (IC            66813050                                                            000015
100000 000000000000 00090345100325490REGTIT30109773449930     0002020000005975393500000000002N           2  01000597539310051900000000079500000000099N120119000000000000000050000000000000000000000000000000000000000000000100031758916915JOSE ANTONIO SOBREIRA                   IGNEZ DE SOUZA SOARES, 42 TATUQUARA CURI            81940010                                                            000016
100000 000000000000 00090345100325490REGTIT30109816744480     0002020000005987602600000000002N           2  01000598760212041900000000186000000000099N120319000000000000000120000000000000000000000000000000000000000000000225096562000101M.M.S LOCAÇÕES E TURISMO-ME             PADRE FRANCISCO MARIA TALLES, 95 SALA 01            28860000                                                            000017
100000 000000000000 00090345100325490REGTIT30109992652808     0002020000005979043100000000002N           2  01000597904310051900000000083170000000099N080219000000000000000060000000000000000000000000000000000000000000000100003238764985CLODOALDO TIBURCIO MORAIS               EXPEDICIONARIO ANELIO DA LUZ, 135 ALTO B            81850400                                                            000018
9                                                                                                                                                                                                                                                                                                                                                                                                         000019