01REMESSA01COBRANCA       00000000000004972103WC SISTEMAS E EQUIPAMENTOS DE 237BRADESCO       220319        MX0002649                                                                                                                                                                                                                                                                                     000001
100000 000000000000 00090345100240370REGTIT26491811066059     0002020000005953111800000000002N           2  02181106605930111800000000174800000000099N091118000000000000000260000000000000000000000000000000000000000000000224428569000110ALESSANDRA MOREIRA PET SHOP EIRELI ME   RUA LEONCIO LOPES CORTIANO, 1021                    81830140                                                            000002
100000 000000000000 00090345100240370REGTIT26491901066059     0002020000005971819600000000002N           2  02190106605930011900000000174800000000099N110119000000000000000260000000000000000000000000000000000000000000000224428569000110ALESSANDRA MOREIRA PET SHOP EIRELI ME   RUA LEONCIO LOPES CORTIANO, 1021                    81830140                                                            000003
100000 000000000000 00090345100240370REGTIT26491901070676     0002020000005973565100000000002N           2  02190107067630011900000000134800000000099N110119000000000000000200000000000000000000000000000000000000000000000222278908000102VIDAL E GRADICI LTDA                    RUA JUSSARA, 2546                                   81925410                                                            000004
100000 000000000000 00090345100240370REGTIT26491902066059     0002020000005980633800000000002N           2  02190206605928021900000000174800000000099N080219000000000000000260000000000000000000000000000000000000000000000224428569000110ALESSANDRA MOREIRA PET SHOP EIRELI ME   RUA LEONCIO LOPES CORTIANO, 1021                    81830140                                                            000005
100000 000000000000 00090345100240370REGTIT26491902070676     0002020000005982321600000000002N           2  02190207067628021900000000134800000000099N080219000000000000000200000000000000000000000000000000000000000000000222278908000102VIDAL E GRADICI LTDA                    RUA JUSSARA, 2546                                   81925410                                                            000006
100000 000000000000 00090345100240370REGTIT26491903066059     0002020000005989224200000000002N           2  02190306605929031900000000174800000000099N130319000000000000000260000000000000000000000000000000000000000000000224428569000110ALESSANDRA MOREIRA PET SHOP EIRELI ME   RUA LEONCIO LOPES CORTIANO, 1021                    81830140                                                            000007
100000 000000000000 00090345100240370REGTIT26491903070676     0002020000005990860200000000002N           2  02190307067629031900000000134800000000099N130319000000000000000200000000000000000000000000000000000000000000000222278908000102VIDAL E GRADICI LTDA                    RUA JUSSARA, 2546                                   81925410                                                            000008
100000 000000000000 00090345100240370REGTIT26491903073384     0002020000005992696100000000002N           2  04190307338429031900000000099800000000099N130319000000000000000150000000000000000000000000000000000000000019900204300923000110MARTINS & MARTINS SOROCABA LTDA         R SAMUEL DA SILVA, 41                               18081250                                                            000009
100000 000000000000 00090345100240370REGTIT264999728152528    0002020090005995084700000000002N           2  01997281525226031900000000428260000000099N220319000000000000000640000000000000000000000000000000000000000000000230948834000194GUSTAVO GABRIEL SILVA DE OLIVEIRA       AVENIDA TRES MARIAS, 182                            82310000                                                            000010
100000 000000000000 00090345100240370REGTIT2649996882450843   0002020090005995083900000000002N           2  01996882450826031900000000656440000000099N220319000000000000000980000000000000000000000000000000000000000000000221605849000169J F COMERCIO DE COLCHOES EIRELI ME      TRAVESSA FERDINANDO ARISTIDES MOLETA, 23            83045090                                                            000011
100000 000000000000 00090345100240370REGTIT2649997098017545   0002020090005985612300000000002N           2  02997098017520041900000000127060000000099N200219000000000000000190000000000000000000000000000000000000000000000227610787000160FABIO CESAR DE MENEZES                  RUA GANA, 155                                       83320260                                                            000012
100000 000000000000 00090345100240370REGTIT2649997098054143   0002020090005985611500000000002N           2  02997098054120031900000000127060000000099N200219000000000000000190000000000000000000000000000000000000000000000227610787000160FABIO CESAR DE MENEZES                  RUA GANA, 155                                       83320260                                                            000013
100000 000000000000 00090345100240370REGTIT2649997098095110   0002020090005995095200000000002N           2  01997098095125031900000000127060000000099N220319000000000000000190000000000000000000000000000000000000000000000227610787000160FABIO CESAR DE MENEZES                  RUA GANA, 155                                       83320260                                                            000014
100000 000000000000 00090345100240370REGTIT2649997098095884   0002020090005995096000000000002N           2  01997098095820041900000000127060000000099N220319000000000000000190000000000000000000000000000000000000000000000227610787000160FABIO CESAR DE MENEZES                  RUA GANA, 155                                       83320260                                                            000015
9                                                                                                                                                                                                                                                                                                                                                                                                         000016