01REMESSA01COBRANCA       00000000000004852239ISPCN                         237BRADESCO       110319        MX0003003                                                                                                                                                                                                                                                                                     000001
100000 000000000000 00090345100325490REGTIT30031181152889     0002020000005928604000000000002N           2  02000592860420021900000000170000000000099N250818000000000000000110000000000000000000000000000000000000000000000100028361131892MARILENE QUEIROZ MASCARANHA             ANTENOR KUERCHE DE MENEZES, 309 RESIDENC            13458715                                                            000002
100000 000000000000 00090345100325490REGTIT30031422368159     0002020000005958411400000000002N           2  02000595841123021900000000155000000000099N231118000000000000000100000000000000000000000000000000000000000000000100054561256172KELY CRISTINA ROSA                      LISBOA, 148 QD 02 LOTE 30 ALTO DA BOA VI            00078088                                                            000003
100000 000000000000 00090345100325490REGTIT30031639193089     0002020000005985002700000000002N           2  02000598500210031900000000245000000000099N150219000000000000000160000000000000000000000000000000000000000000000100020972040234MARIA NEUSA NUNES AIRES                 RUA CAMELIA, 11|05 CIDADE JARDIM I PARQU            66635110                                                            000004
100000 000000000000 00090345100325490REGTIT30031858551543     0002020000005940311P00000000002N           2  02000594031104031900000000370000000000099N021018000000000000000250000000000000000000000000000000000000000000000100064935558849DIMAS CORREIA DA SILVA                  SERVIDÃO, 699 JARDIM GERIVA SANTA BÁRBAR            13456343                                                            000005
100000 000000000000 00090345100325490REGTIT30032072959240     0002020000005949980P00000000002N           2  01000594998010051900000000100000000000099N311018000000000000000070000000000000000000000000000000000000000000000100049648012920MANOEL PEDRO MENDES DE SOUZA FILHO      RUA CURUPIS, 1120 SANTA QUITERIA CURITIB            80310200                                                            000006
100000 000000000000 00090345100325490REGTIT30033037814816     0002020000005986584900000000002N           2  02000598658410031900000000460000000000099N040319000000000000000310000000000000000000000000000000000000000000000100086638980882BEATRIZ LEITE F. STENICO                TAMOIOS, 0 JARDIM SAO FRANCISCO SANTA BA            13456081                                                            000007
100000 000000000000 00090345100325490REGTIT30033361627124     0002020000005957570000000000002N           2  02000595757020031900000000280000000000099N171118000000000000000190000000000000000000000000000000000000000000000100002768775860CICERO LAURENTINO                       DAMASIO PIMENTEL DE CAMARGO, 393 SANTA R            13450000                                                            000008
100000 000000000000 00090345100325490REGTIT30033766294800     0002020000005958606000000000002N           2  02000595860610031900000000040170000000099N241118000000000000000030000000000000000000000000000000000000000000000100059914564968DOMINGAS BARBOSA SANTIAGO               BELA VISTA, 1603 CENTRO OURIZONA PR                 87170000                                                            000009
100000 000000000000 00090345100325490REGTIT30033900584176     0002020000005929550300000000002N           2  01000592955010051900000000030000000000099N280818000000000000000020000000000000000000000000000000000000000000000100005849129944RENATO TESTE RAMOS                      JUVEVE, 130-2 EUCALIPTOS III FRG PR                 83820000                                                            000010
100000 000000000000 00090345100325490REGTIT30034166632402     0002020000005968467400000000002N           2  02000596846710031900000000034800000000099N221218000000000000000020000000000000000000000000000000000000000000000100059914564968DOMINGAS BARBOSA SANTIAGO               BELA VISTA, 1603 CENTRO OURIZONA PR                 87170000                                                            000011
100000 000000000000 00090345100325490REGTIT30034237879042     0002020000005948475600000000002N           2  02000594847522021900000000110000000000099N221018000000000000000070000000000000000000000000000000000000000000000100039611511809LIGIAN CORREA RODRIGUES                 ANTONIO MORAES BARROS, 670 JARDIM VISTA             13458574                                                            000012
100000 000000000000 00090345100325490REGTIT30034406615652     0002020000005927432800000000002N           2  02000592743201031900000000092860000000099N170818000000000000000060000000000000000000000000000000000000000000000100001122503431MARIA DAS GRACAS SILVA VIANA            RUA: 7, 320 TERRA DO SUL PETROLINA PE               56300000                                                            000013
100000 000000000000 00090345100325490REGTIT30034705574044     0002020000005949626600000000002N           2  02000594962615031900000000198000000000099N291018000000000000000130000000000000000000000000000000000000000000000100045685830807RAISSA FERNANDA BALDO                   VINTE E UM DE FEVEREIRO, 87 CONJUNTO HAB            13453149                                                            000014
100000 000000000000 00090345100325490REGTIT30035002878751     0002020000005957994300000000002N           2  01000595799410051900000000100000000000099N211118000000000000000070000000000000000000000000000000000000000000000210722085000175NARDOTO OLIVEIRA                        LEITEIRO, 224 EUCALIPTOS III FRG PR                 83820000                                                            000015
100000 000000000000 00090345100325490REGTIT30035087719451     0002020000005969397500000000002N           2  02000596939707031900000000510000000000099N040119000000000000000340000000000000000000000000000000000000000000000100005364311830MARIA INES P DOS SANTOS                 CIRO DOS ANJOS, 171 PARQUE RESIDENCIAL S            13457006                                                            000016
100000 000000000000 00090345100325490REGTIT30035303618845     0002020000005966750800000000002N           2  02000596675020021900000000250000000000099N121218000000000000000170000000000000000000000000000000000000000000000100051845199987JOSE CARLOS ALVES                       HENRIQUE BRUDECK, 469 CASA VILA SAO CRIS            83305345                                                            000017
100000 000000000000 00090345100325490REGTIT30035561756218     0002020000005970113700000000002N           2  01000597011310051900000000080000000000099N100119000000000000000050000000000000000000000000000000000000000000000100023217162900LOURENÇO JOEL SOUZA DE OLIVEIRA         VITORIA, 94 ESTADOS FAZENDA RIO GRANDE P            83820000                                                            000018
100000 000000000000 00090345100325490REGTIT30035885161442     0002020000005985424300000000002N           2  02000598542415031900000000098310000000099N190219000000000000000070000000000000000000000000000000000000000000000100008104197932DAIANE CAROLINE AMARAL DE AQUINO        CAMPO GRANDE, 1706 CENTRO OURIZONA PR               87170000                                                            000019
100000 000000000000 00090345100325490REGTIT30036242692342     0002020000005967260900000000002N           2  02000596726007031900000000648750000000099N151218000000000000000430000000000000000000000000000000000000000000000100050368915115LUZIA APARECIDA BEZERRA DA SILVA        VEREADOR, 904 AP 904 TORRE DAS MAT ACLIM            00078000                                                            000020
100000 000000000000 00090345100325490REGTIT30036256835518     0002020000005968871800000000002N           2  02000596887101031900000000150000000000099N271218000000000000000100000000000000000000000000000000000000000000000100002862926299JHULIA CAROLINE E SILVA BATISTA         TRAVESSA MANOEL SIQUEIRA, 28 AGUA BOA (O            66843490                                                            000021
100000 000000000000 00090345100325490REGTIT30036321765151     0002020000005948813100000000002N           2  01000594881310051900000000100000000000099N241018000000000000000070000000000000000000000000000000000000000000000277624476000128IGREJA PENTECOSTAL UNIDA DO BRASIL DISTRR JOSE LOURENÇO PINTO, 48 - IGREJA,  PON            83209300                                                            000022
100000 000000000000 00090345100325490REGTIT30037467476642     0002020000005909889900000000002N           2  01000590988910051900000000080000000000099N260618000000000000000050000000000000000000000000000000000000000000000100065307372000ANGELA MARTINI                          TOMAZ EDISON, 121-2 IMOBILIARIA ESUCALIP            83820000                                                            000023
100000 000000000000 00090345100325490REGTIT30037588533746     0002020000005987253500000000002N           2  01000598725320031900000000069000000000099N110319000000000000000050000000000000000000000000000000000000000000000100065340396134SUZIANE C. CERQUEIRA                    BARAO DE CAMPINAS, 1859 JARDIM DAS MANSÕ            79070160                                                            000024
100000 000000000000 00090345100325490REGTIT30037588533746     0002020000005987254300000000002N           2  01000598725415041900000000069000000000099N110319000000000000000050000000000000000000000000000000000000000000000100065340396134SUZIANE C. CERQUEIRA                    BARAO DE CAMPINAS, 1859 JARDIM DAS MANSÕ            79070160                                                            000025
100000 000000000000 00090345100325490REGTIT30037665999308     0002020000005969610900000000002N           2  01000596961010051900000000100000000000099N070119000000000000000070000000000000000000000000000000000000000000000100002617644979VALDECIR BENEDITO SANTOS FERREIRA       SIBIPIRUNA, 44 1 EUCALIPTOS FAZENDA RIO             83820608                                                            000026
100000 000000000000 00090345100325490REGTIT30037847799079     0002020000005898713400000000002N           2  02000589871321021900000000100000000000099N210518000000000000000070000000000000000000000000000000000000000000000100005662670471JECILENE DOS SANTOS ARAUJO              QUADRA: D, 32 PROJETO N 09 PETROLINA PE             56300000                                                            000027
100000 000000000000 00090345100325490REGTIT30038025876097     0002020000005919783800000000002N           2  02000591978310031900000000600000000000099N310718000000000000000400000000000000000000000000000000000000000000000100050368915115LUZIA APARECIDA BEZERRA DA SILVA        VEREADOR, 904 AP 904 TORRE DAS MAT ACLIM            00078000                                                            000028
100000 000000000000 00090345100325490REGTIT30038428726568     0002020000005968548400000000002N           2  02000596854810031900000000180000000000099N241218000000000000000120000000000000000000000000000000000000000000000100061980390568MARIA JOSÉ SILVA CARNEIRO               JORGE JUVENTINO AGUIAR, 0 BL. 30 APTº 24            13450000                                                            000029
100000 000000000000 00090345100325490REGTIT30038437278514     0002020000005959388100000000002N           2  02000595938810031900000000120000000000099N291118000000000000000080000000000000000000000000000000000000000000000100005874358285JESSICA LARISSA MONTEIRO SILVA          DA FELICIDADE, 21 SAO JOAO DO OUTEIRO (O            66840170                                                            000030
100000 000000000000 00090345100325490REGTIT30038550552394     0002020000005940689500000000002N           2  01000594068910051900000000346000000000099N031018000000000000000230000000000000000000000000000000000000000000000207366939000113AUTO ESCOLA AMARAL                      ITALIA, 180 ESCOLA NACOES FAZENDA RIO GR            83823020                                                            000031
100000 000000000000 00090345100325490REGTIT30038888704996     0002020000005930812500000000002N           2  02000593081210031900000000045420000000099N040918000000000000000030000000000000000000000000000000000000000000000100059914564968DOMINGAS BARBOSA SANTIAGO               BELA VISTA, 1603 CENTRO OURIZONA PR                 87170000                                                            000032
100000 000000000000 00090345100325490REGTIT30039254520038     0002020000005970090400000000002N           2  01000597009010051900000000080000000000099N100119000000000000000050000000000000000000000000000000000000000000000100017015162920RENATO NOVAKOSKI                        GOIABEIRA, 222 EUCALIPTOS FAZENDA RIO GR            83820527                                                            000033
100000 000000000000 00090345100325490REGTIT30039614957749     0002020000005890481600000000002N           2  02000589048110031900000000072000000000099N070518000000000000000050000000000000000000000000000000000000000000000100045685830807RAISSA FERNANDA BALDO                   VINTE E UM DE FEVEREIRO, 87 CONJUNTO HAB            13453149                                                            000034
100000 000000000000 00090345100325490REGTIT30039759584487     0002020000005895551800000000002N           2  02000589555110021900000000120000000000099N080518000000000000000080000000000000000000000000000000000000000000000100002532040467PERPETUA DA CONCEICAO RODRIGUES         RUA: TABULEIRO, 161 SÃO GONÇALO PETROLIN            56300000                                                            000035
100000 000000000000 00090345100325490REGTIT30039980929208     0002020000005950993700000000002N           2  01000595099310051900000000080000000000099N071118000000000000000050000000000000000000000000000000000000000000000100084476710972LUCIANE MARIA SAUER                     BUGAVILE, 245 EUCALIPTOS III FAZENDA RIO            83820000                                                            000036
9                                                                                                                                                                                                                                                                                                                                                                                                         000037