01REMESSA01COBRANCA       00000000000004972103WC SISTEMAS E EQUIPAMENTOS DE 237BRADESCO       270319        MX0002668                                                                                                                                                                                                                                                                                     000001
100000 000000000000 00090345100240370REGTIT26681903000073     0002020000005987814200000000002N           2  01190300007329031900000000004950000000099N130319000000000000000010000000000000000000000000000000000000000000000208745918000172WC SISTEMAS E EQUIPAMENTOS DE INFORMATICAVENIDA CANDIDO DE ABREU, 70                        80530000                                                            000002
100000 000000000000 00090345100240370REGTIT26681903000764     0002020000005987821500000000002N           2  01190300076429031900000004682060000000099N130319000000000000007020000000000000000000000000000000000000000000000208745918000172DEPARTAMENTO COMERCIAL CURITIBA         9AV CANDIDO DE ABREU, 70                            80530000                                                            000003
100000 000000000000 00090345100240370REGTIT26681903001068     0002020000005987822300000000002N           2  02190300106829031900000000021150000000099N130319000000000000000030000000000000000000000000000000000000000000000211324664000122ATUAL SOLUCOES EM ANALISE E RECUPERAÇÃO RUA SENADOR SOUZA NAVES, 09                         86010160                                                            000004
100000 000000000000 00090345100240370REGTIT26681903004835     0002020000005987845200000000002N           2  02190300483529031900000000004950000000099N130319000000000000000010000000000000000000000000000000000000000000000293215408000161WEB CONTROL EMPRESAS- FRANQUIA PORTO ALERUA DA ESPERANCA, 79                                91920240                                                            000005
100000 000000000000 00090345100240370REGTIT26681903040933     0002020000005988176300000000002N           2  02190304093329031900000000004950000000099N130319000000000000000010000000000000000000000000000000000000000000000100016864786072WEB CONTROL EMPRESAS- FRANQUIA PORTO ALEAV OTTO NIEMEYER, 2522                              91010001                                                            000006
9                                                                                                                                                                                                                                                                                                                                                                                                         000007