01REMESSA01COBRANCA       00000000000004972103WC SISTEMAS E EQUIPAMENTOS DE 237BRADESCO       070319        MX0002599                                                                                                                                                                                                                                                                                     000001
100000 000000000000 00090345100240370REGTIT2599994411717479   0002020090005960243100000000002N           2  02994411717410121800000000327300000000099N041218000000000000000490000000000000000000000000000000000000000000000201984935000112CENTRO DE FORMAÇAO DE CONDUTORES FATIMA RUA DESEMBARGADOR CID CAMPELO , 5524                81350260                                                            000002
100000 000000000000 00090345100240370REGTIT2599997175845014   0002020090005970200200000000002N           2  02997175845018011900000000239700000000099N100119000000000000000360000000000000000000000000000000000000000000000208662112000110DAGUETTI COMERCIO DE ALIMENTOS LTDA     R ALFREDO BUFREN, 337                               80020240                                                            000003
100000 000000000000 00090345100240370REGTIT2599997185786628   0002020090005977131400000000002N           2  02997185786601021900000000195300000000099N240119000000000000000290000000000000000000000000000000000000000000000221362988000109CYNTHIA JACQUES MASSUCCI ME             R ATILIO BORIO, 25                                  80050250                                                            000004
100000 000000000000 00090345100240370REGTIT2599997223332699   0002020090005967550100000000002N           2  02997223332624121800000000239700000000099N171218000000000000000360000000000000000000000000000000000000000000000225255764000159CALIFORNIA COMERCIO DE ALIMENTOS EIRELI RUA ROBERTO LAMBACH FALAVINHA, 25                   83405240                                                            000005
9                                                                                                                                                                                                                                                                                                                                                                                                         000006