01REMESSA01COBRANCA       00000000000004852239ISPCN                         237BRADESCO       130319        MX0003021                                                                                                                                                                                                                                                                                     000001
100000 000000000000 00090345100325490REGTIT30211618118422     0002020000005979061P00000000002N           2  02000597906110031900000000034730000000099N080219000000000000000020000000000000000000000000000000000000000000000100011816345989FABIO DO VALE DE OLIVEIRA               100 ALQUEIRES,  CENTRO OURIZONA PR                  87170000                                                            000002
100000 000000000000 00090345100325490REGTIT30212424262521     0002020000005939396300000000002N           2  02000593939624021900000000100000000000099N270918000000000000000070000000000000000000000000000000000000000000000100006522824400SHIRLYS KALIANA DA CONCEICAO SILVA      RUA 42, 71 SÃO GONÇALO PETROLINA PE                 56300000                                                            000003
100000 000000000000 00090345100325490REGTIT30212612701244     0002020000005987776600000000002N           2  01000598777630031900000000088000000000099N130319000000000000000060000000000000000000000000000000000000000000000206153897000250CASA DAS RACOES INDUSTRIA E COMERCIO LTDSETE DE SETEMBRO, 690 OURO PRETO PETROLI            56318000                                                            000004
100000 000000000000 00090345100325490REGTIT30214444737455     0002020000005984121400000000002N           2  02000598412110031900000000032450000000099N090219000000000000000020000000000000000000000000000000000000000000000100011816345989FABIO DO VALE DE OLIVEIRA               100 ALQUEIRES,  CENTRO OURIZONA PR                  87170000                                                            000005
100000 000000000000 00090345100325490REGTIT30214552956637     0002020000005926733P00000000002N           2  02000592673310031900000000100000000000099N140818000000000000000070000000000000000000000000000000000000000000000100021384363491RAIMUNDO ANTONIO DE SOUZA               RUA: 03, 165 COSME E DAMIAO PETROLINA PE            56300000                                                            000006
100000 000000000000 00090345100325490REGTIT30214654557990     0002020000005948096300000000002N           2  02000594809610041900000000050000000000099N191018000000000000000030000000000000000000000000000000000000000000000100021384363491RAIMUNDO ANTONIO DE SOUZA               RUA: 03, 165 COSME E DAMIAO PETROLINA PE            56300000                                                            000007
100000 000000000000 00090345100325490REGTIT30214694080841     0002020000005987775800000000002N           2  01000598777512041900000002324280000000099N130319000000000000001550000000000000000000000000000000000000000000000100039975469833NATHAN SCHMICKLER                       JOSE VICTOR VIEIRA, 274 A CENTRO JUQUITI            06950000                                                            000008
100000 000000000000 00090345100325490REGTIT30216765853683     0002020000005956702300000000002N           2  02000595670210031900000000250000000000099N121118000000000000000170000000000000000000000000000000000000000000000100004397398291ULISSES DIAS SIQUEIRA                   SOUZA FRANCO, 2890 ICOARACI BELEM  PA               66811880                                                            000009
100000 000000000000 00090345100325490REGTIT30216774999826     0002020000005987777400000000002N           2  01000598777710041900000000220000000000099N130319000000000000000150000000000000000000000000000000000000000000000100030086523287WANDA BARROS MORAES                     ALAMEDA A, Casa 6 PARACURI II BELEM PA              66811270                                                            000010
100000 000000000000 00090345100325490REGTIT30216774999826     0002020000005987778200000000002N           2  01000598777810051900000000220000000000099N130319000000000000000150000000000000000000000000000000000000000000000100030086523287WANDA BARROS MORAES                     ALAMEDA A, Casa 6 PARACURI II BELEM PA              66811270                                                            000011
100000 000000000000 00090345100325490REGTIT30217899850714     0002020000005976898300000000002N           2  02000597689821021900000000218750000000099N230119000000000000000150000000000000000000000000000000000000000000000208195565000183MERCADO DOURADOS(JULIO)                 AV.ANTONIO NUNES DA ROCHA, 380 RIO PEQUE            83070020                                                            000012
100000 000000000000 00090345100325490REGTIT30218736940051     0002020000005987781200000000002N           2  01000598778113041900000000100000000000099N130319000000000000000070000000000000000000000000000000000000000000000100000877322546JURANDIR BATISTA DE SOUZA               OSCAR PAIS LANDIM, 2207 CASA CENTRO FORM            47800000                                                            000013
100000 000000000000 00090345100325490REGTIT30219709723898     0002020000005969871300000000002N           2  02000596987110031900000000120000000000099N090119000000000000000080000000000000000000000000000000000000000000000100008092154384JULIANA MARIA BARBOSA DIAS              NOSSA SENHORA DA CONCEICAO, 2 BRASILIA (            66845822                                                            000014
100000 000000000000 00090345100325490REGTIT30219996526580     0002020000005987763400000000002N           2  01000598776320041900000000140000000000099N130319000000000000000090000000000000000000000000000000000000000000000100083513299400JOSE ANDRE DOS SANTOS                   RUA PEDRO BORGES, 445 BAIRRO DOS ESTADOS            54762787                                                            000015
9                                                                                                                                                                                                                                                                                                                                                                                                         000016