01REMESSA01COBRANCA       00000000000004852239ISPCN                         237BRADESCO       110319        MX0003002                                                                                                                                                                                                                                                                                     000001
100000 000000000000 00090345100325490REGTIT30021181152889     0002020000005928604000000000002N           2  02000592860420021900000000170000000000099N250818000000000000000110000000000000000000000000000000000000000000000100028361131892MARILENE QUEIROZ MASCARANHA             ANTENOR KUERCHE DE MENEZES, 309 RESIDENC            13458715                                                            000002
100000 000000000000 00090345100325490REGTIT30021422368159     0002020000005958411400000000002N           2  02000595841123021900000000155000000000099N231118000000000000000100000000000000000000000000000000000000000000000100054561256172KELY CRISTINA ROSA                      LISBOA, 148 QD 02 LOTE 30 ALTO DA BOA VI            00078088                                                            000003
100000 000000000000 00090345100325490REGTIT30021639193089     0002020000005985002700000000002N           2  02000598500210031900000000245000000000099N150219000000000000000160000000000000000000000000000000000000000000000100020972040234MARIA NEUSA NUNES AIRES                 RUA CAMELIA, 11|05 CIDADE JARDIM I PARQU            66635110                                                            000004
100000 000000000000 00090345100325490REGTIT30023037814816     0002020000005986584900000000002N           2  02000598658410031900000000460000000000099N040319000000000000000310000000000000000000000000000000000000000000000100086638980882BEATRIZ LEITE F. STENICO                TAMOIOS, 0 JARDIM SAO FRANCISCO SANTA BA            13456081                                                            000005
100000 000000000000 00090345100325490REGTIT30023766294800     0002020000005958606000000000002N           2  02000595860610031900000000040170000000099N241118000000000000000030000000000000000000000000000000000000000000000100059914564968DOMINGAS BARBOSA SANTIAGO               BELA VISTA, 1603 CENTRO OURIZONA PR                 87170000                                                            000006
100000 000000000000 00090345100325490REGTIT30024166632402     0002020000005968467400000000002N           2  02000596846710031900000000034800000000099N221218000000000000000020000000000000000000000000000000000000000000000100059914564968DOMINGAS BARBOSA SANTIAGO               BELA VISTA, 1603 CENTRO OURIZONA PR                 87170000                                                            000007
100000 000000000000 00090345100325490REGTIT30024221651400     0002020000005987243800000000002N           2  01000598724320031900000000093000000000099N110319000000000000000060000000000000000000000000000000000000000000000100052565840144ADOLFO DE SOUZA MORAIS                  DA DIVISAO, 975 CASA JARDIM PARATI CAMPO            79081650                                                            000008
100000 000000000000 00090345100325490REGTIT30024221651400     0002020000005987244600000000002N           2  01000598724415041900000000093000000000099N110319000000000000000060000000000000000000000000000000000000000000000100052565840144ADOLFO DE SOUZA MORAIS                  DA DIVISAO, 975 CASA JARDIM PARATI CAMPO            79081650                                                            000009
100000 000000000000 00090345100325490REGTIT30024406615652     0002020000005927432800000000002N           2  02000592743201031900000000092860000000099N170818000000000000000060000000000000000000000000000000000000000000000100001122503431MARIA DAS GRACAS SILVA VIANA            RUA: 7, 320 TERRA DO SUL PETROLINA PE               56300000                                                            000010
100000 000000000000 00090345100325490REGTIT30024705574044     0002020000005949626600000000002N           2  02000594962615031900000000198000000000099N291018000000000000000130000000000000000000000000000000000000000000000100045685830807RAISSA FERNANDA BALDO                   VINTE E UM DE FEVEREIRO, 87 CONJUNTO HAB            13453149                                                            000011
100000 000000000000 00090345100325490REGTIT30025303618845     0002020000005966750800000000002N           2  02000596675020021900000000250000000000099N121218000000000000000170000000000000000000000000000000000000000000000100051845199987JOSE CARLOS ALVES                       HENRIQUE BRUDECK, 469 CASA VILA SAO CRIS            83305345                                                            000012
100000 000000000000 00090345100325490REGTIT30025555870893     0002020000005987233000000000002N           2  01000598723310041900000000130000000000099N110319000000000000000090000000000000000000000000000000000000000000000100030877682860NOEMI SANCHES                           JOSÉ LUIS COVOLAN, 328 RESIDENCIAL FURLA            13450000                                                            000013
100000 000000000000 00090345100325490REGTIT30025555870893     0002020000005987234900000000002N           2  01000598723410051900000000130000000000099N110319000000000000000090000000000000000000000000000000000000000000000100030877682860NOEMI SANCHES                           JOSÉ LUIS COVOLAN, 328 RESIDENCIAL FURLA            13450000                                                            000014
100000 000000000000 00090345100325490REGTIT30025996401707     0002020000005987228400000000002N           2  01000598722812031900000001500000000000099N110319000000000000001000000000000000000000000000000000000000000000000100028353696860HUGO HENRIQUE GARCIA                    DAS MANGUEIRAS, 374 N JARDIM DAS ORQUIDE            78450000                                                            000015
100000 000000000000 00090345100325490REGTIT30025996401707     0002020000005987229200000000002N           2  01000598722910041900000001500000000000099N110319000000000000001000000000000000000000000000000000000000000000000100028353696860HUGO HENRIQUE GARCIA                    DAS MANGUEIRAS, 374 N JARDIM DAS ORQUIDE            78450000                                                            000016
100000 000000000000 00090345100325490REGTIT30025996401707     0002020000005987230600000000002N           2  01000598723010051900000001500000000000099N110319000000000000001000000000000000000000000000000000000000000000000100028353696860HUGO HENRIQUE GARCIA                    DAS MANGUEIRAS, 374 N JARDIM DAS ORQUIDE            78450000                                                            000017
100000 000000000000 00090345100325490REGTIT30026242692342     0002020000005967260900000000002N           2  02000596726007031900000000648750000000099N151218000000000000000430000000000000000000000000000000000000000000000100050368915115LUZIA APARECIDA BEZERRA DA SILVA        VEREADOR, 904 AP 904 TORRE DAS MAT ACLIM            00078000                                                            000018
100000 000000000000 00090345100325490REGTIT30026256835518     0002020000005968871800000000002N           2  02000596887101031900000000150000000000099N271218000000000000000100000000000000000000000000000000000000000000000100002862926299JHULIA CAROLINE E SILVA BATISTA         TRAVESSA MANOEL SIQUEIRA, 28 AGUA BOA (O            66843490                                                            000019
100000 000000000000 00090345100325490REGTIT30027847799079     0002020000005898713400000000002N           2  02000589871321021900000000100000000000099N210518000000000000000070000000000000000000000000000000000000000000000100005662670471JECILENE DOS SANTOS ARAUJO              QUADRA: D, 32 PROJETO N 09 PETROLINA PE             56300000                                                            000020
100000 000000000000 00090345100325490REGTIT30028025876097     0002020000005919783800000000002N           2  02000591978310031900000000600000000000099N310718000000000000000400000000000000000000000000000000000000000000000100050368915115LUZIA APARECIDA BEZERRA DA SILVA        VEREADOR, 904 AP 904 TORRE DAS MAT ACLIM            00078000                                                            000021
100000 000000000000 00090345100325490REGTIT30028428726568     0002020000005968548400000000002N           2  02000596854810031900000000180000000000099N241218000000000000000120000000000000000000000000000000000000000000000100061980390568MARIA JOSÉ SILVA CARNEIRO               JORGE JUVENTINO AGUIAR, 0 BL. 30 APTº 24            13450000                                                            000022
100000 000000000000 00090345100325490REGTIT30028437278514     0002020000005959388100000000002N           2  02000595938810031900000000120000000000099N291118000000000000000080000000000000000000000000000000000000000000000100005874358285JESSICA LARISSA MONTEIRO SILVA          DA FELICIDADE, 21 SAO JOAO DO OUTEIRO (O            66840170                                                            000023
100000 000000000000 00090345100325490REGTIT30028888704996     0002020000005930812500000000002N           2  02000593081210031900000000045420000000099N040918000000000000000030000000000000000000000000000000000000000000000100059914564968DOMINGAS BARBOSA SANTIAGO               BELA VISTA, 1603 CENTRO OURIZONA PR                 87170000                                                            000024
100000 000000000000 00090345100325490REGTIT30029255899608     0002020000005987242P00000000002N           2  01000598724220041900000000500000000000099N110319000000000000000330000000000000000000000000000000000000000000000100009258341902RODRIGO PEREIRA AFONSO                  DINIZ JOAQUIM GEREMIAS, 195 CASA UBERABA            81570470                                                            000025
100000 000000000000 00090345100325490REGTIT30029614957749     0002020000005890481600000000002N           2  02000589048110031900000000072000000000099N070518000000000000000050000000000000000000000000000000000000000000000100045685830807RAISSA FERNANDA BALDO                   VINTE E UM DE FEVEREIRO, 87 CONJUNTO HAB            13453149                                                            000026
100000 000000000000 00090345100325490REGTIT30029759584487     0002020000005895551800000000002N           2  02000589555110021900000000120000000000099N080518000000000000000080000000000000000000000000000000000000000000000100002532040467PERPETUA DA CONCEICAO RODRIGUES         RUA: TABULEIRO, 161 SÃO GONÇALO PETROLIN            56300000                                                            000027
9                                                                                                                                                                                                                                                                                                                                                                                                         000028