01REMESSA01COBRANCA       00000000000004972103WC SISTEMAS E EQUIPAMENTOS DE 237BRADESCO       250319        MX0002651                                                                                                                                                                                                                                                                                     000001
100000 000000000000 00090345100240370REGTIT26511607064298     0002020090005486037800000000002N           2  02160706429829071600000000099800000000099N130716000000000000000150000000000000000000000000000000000000000000000202280076000143RESTAURANTE EL BIGS LTDA                AVENIDA WINSTON CHURCHILL, 665                      81130000                                                            000002
9                                                                                                                                                                                                                                                                                                                                                                                                         000003