01REMESSA01COBRANCA       00000000000004852239ISPCN                         237BRADESCO       270319        MX0003131                                                                                                                                                                                                                                                                                     000001
100000 000000000000 00090345100325490REGTIT31311466221631     0002020000005995800600000000002N           2  01000599580027041900000000600000000000099N270319000000000000000400000000000000000000000000000000000000000000000100016410802803MARIA APARECIDA CARDOSO SANTOS          AVENIDA ROTARY, 527 PARQUE INDUSTRIAL RA            06810240                                                            000002
100000 000000000000 00090345100325490REGTIT31311620198802     0002020000005995796400000000002N           2  01000599579610041900000000250000000000099N270319000000000000000330000000000000000000000000000000000000000000000100004017680232OZELIELPEREIRA E PEREIRA                RUA 21, SN QD 108 LT 13 GARAVELO SUL HID            75340000                                                            000003
100000 000000000000 00090345100325490REGTIT31311620198802     0002020000005995797200000000002N           2  01000599579710051900000000250000000000099N270319000000000000000330000000000000000000000000000000000000000000000100004017680232OZELIELPEREIRA E PEREIRA                RUA 21, SN QD 108 LT 13 GARAVELO SUL HID            75340000                                                            000004
100000 000000000000 00090345100325490REGTIT31312533600909     0002020000005995788300000000002N           2  01000599578827041900000002500000000000099N270319000000000000001670000000000000000000000000000000000000000000000100030257930663JOSE ANTONIO DOS SANTOS                 RUA ESTANHO, 230 LEBLON UBERABA MG                  38030450                                                            000005
100000 000000000000 00090345100325490REGTIT31312942755694     0002020000005995773500000000002N           2  01000599577302041900000000390000000000099N270319000000000000000260000000000000000000000000000000000000000000000230162763000108BEM ESTAR SUPERMERCADO                  POLONIA, 21 NACOES FAZENDA RIO GRANDE PR            83823132                                                            000006
100000 000000000000 00090345100325490REGTIT31313152128880     0002020000005995791300000000002N           2  01000599579127041900000000250000000000099N270319000000000000000170000000000000000000000000000000000000000000000100004017680232OZELIELPEREIRA E PEREIRA                RUA 21, SN QD 108 LT 13 GARAVELO SUL HID            75340000                                                            000007
100000 000000000000 00090345100325490REGTIT31313179018592     0002020000005995795600000000002N           2  01000599579527041900000003000000000000099N270319000000000000002000000000000000000000000000000000000000000000000100032648368825ALEXANDRE FERNANDO CARNEIRO             RUA M HELENA B A BATISTA, 260 ITANHAEM I            11740000                                                            000008
100000 000000000000 00090345100325490REGTIT31313464478651     0002020000005965859200000000002N           2  02000596585905031900000000120000000000099N071218000000000000000080000000000000000000000000000000000000000000000100002665712202ARIELLY CRISTINA DE ANDRADE SERRA       SANTA ISABEL, 697 CRUZEIRO (ICOARACI) BE            66810090                                                            000009
100000 000000000000 00090345100325490REGTIT31313643372286     0002020000005995762P00000000002N           2  01000599576227041900000001450000000000099N270319000000000000000970000000000000000000000000000000000000000000000100032713127882DEBORA SOARES SANTOS                    RUA ENSOR, 20 PARQUE REGINA SAO PAULO SP            05772040                                                            000010
100000 000000000000 00090345100325490REGTIT31314219428706     0002020000005995749200000000002N           2  01000599574915041900000000210000000000099N270319000000000000000140000000000000000000000000000000000000000000000100016785224810RENATA CRISTINA C G SANTOS              TUPIS  BL 1 AP 42, 456 JARDIM PAULISTA S            13456033                                                            000011
100000 000000000000 00090345100325490REGTIT31314219428706     0002020000005995750600000000002N           2  01000599575015051900000000210000000000099N270319000000000000000140000000000000000000000000000000000000000000000100016785224810RENATA CRISTINA C G SANTOS              TUPIS  BL 1 AP 42, 456 JARDIM PAULISTA S            13456033                                                            000012
100000 000000000000 00090345100325490REGTIT31314587654893     0002020000005979057100000000002N           2  02000597905728031900000000045000000000099N080219000000000000000030000000000000000000000000000000000000000000000100025535442860MARIA JOSE MARTINS                      RUA DOZE, 101 JARDIM ALVORADA MONTE MOR             13190000                                                            000013
100000 000000000000 00090345100325490REGTIT31314609660663     0002020000005995790500000000002N           2  01000599579027041900000001584000000000099N270319000000000000001060000000000000000000000000000000000000000000000100009315849817MARIA NAZARE MOREIRA DE SOUSA           ALVARO TROPPMAIR, 134 JARDIM MARIA SAMPA            05790100                                                            000014
100000 000000000000 00090345100325490REGTIT31314859865316     0002020000005959187000000000002N           2  02000595918728021900000000122500000000099N281118000000000000000080000000000000000000000000000000000000000000000100005973028470CLEZILDA LAYS RODRIGUES DA COSTA        RUA FURNA, S|N PONTA DA SERRA PETROLINA             56300000                                                            000015
100000 000000000000 00090345100325490REGTIT31316906776444     0002020000005957791600000000002N           2  02000595779120031900000000170000000000099N201118000000000000000110000000000000000000000000000000000000000000000100081844395200ELZIMARI RODRIGUES FIEL                 DAS PAMPOLAS  CONJUNTO: JARDIM RENASCENT            66825280                                                            000016
100000 000000000000 00090345100325490REGTIT31317260228022     0002020000005984591000000000002N           2  02000598459110031900000000264000000000099N130219000000000000000180000000000000000000000000000000000000000000000100083298584991AURO LEANDRO VAZ                        MANOEL MARASSATI, 77 SAO SEBASTIAO SAO J            83075178                                                            000017
100000 000000000000 00090345100325490REGTIT31317282528695     0002020000005959223000000000002N           2  02000595922328021900000000130000000000099N281118000000000000000090000000000000000000000000000000000000000000000100026417477827MARIA AP DE SOUZA SOARES                ANTONIO BATAGIN, 97 PARQUE ELDORADO SANT            13458469                                                            000018
100000 000000000000 00090345100325490REGTIT31317497550832     0002020000005995763800000000002N           2  01000599576316041900000000210000000000099N270319000000000000000140000000000000000000000000000000000000000000000100044691924817ANA RAFAELA DA SILVA                    JOAQUIM PEREIRA ARRUDA NETO, 101 CRUZEIR            13450000                                                            000019
100000 000000000000 00090345100325490REGTIT31317497550832     0002020000005995764600000000002N           2  01000599576416051900000000210000000000099N270319000000000000000140000000000000000000000000000000000000000000000100044691924817ANA RAFAELA DA SILVA                    JOAQUIM PEREIRA ARRUDA NETO, 101 CRUZEIR            13450000                                                            000020
100000 000000000000 00090345100325490REGTIT31317586653054     0002020000005995802200000000002N           2  01000599580227041900000002000000000000099N270319000000000000001330000000000000000000000000000000000000000000000100021614839867MARIA LUCIA SANTOS OLIVEIRA             AVENIDA ESCO, 964 JARDIM MAGALY EMBU DAS            06833085                                                            000021
100000 000000000000 00090345100325490REGTIT31318036795395     0002020000005995760300000000002N           2  01000599576027041900000002500000000000099N270319000000000000001670000000000000000000000000000000000000000000000100004440082840EDSON FRANCISCO DE ASSIS                ALFREDO VOLPI, 106 CERCADO GRANDE  EMBU             06804130                                                            000022
100000 000000000000 00090345100325490REGTIT31318406765200     0002020000005995774300000000002N           2  01000599577410051900000000520000000000099N270319000000000000000350000000000000000000000000000000000000000000000100035992850805JOSÉ SILAS DOS SANTOS NEVES             OLIMPIA THOMAZ DE AQUINO, 372 JARDIM OLI            06765370                                                            000023
100000 000000000000 00090345100325490REGTIT31318919964511     0002020000005995748400000000002N           2  01000599574827041900000000740000000000099N270319000000000000000490000000000000000000000000000000000000000000000100000396587593LIDIANE APARECIDA CERQUEIRA DA SILVA    RUA P ANDREATT  -, 26 JARDIM AURELIO SAO            05857370                                                            000024
9                                                                                                                                                                                                                                                                                                                                                                                                         000025