01REMESSA01COBRANCA       00000000000004852239ISPCN                         237BRADESCO       070319        MX0002976                                                                                                                                                                                                                                                                                     000001
100000 000000000000 00090345100325490REGTIT29761121061100     0002020000005909735300000000002N           2  02000590973528021900000000079000000000099N250618000000000000000050000000000000000000000000000000000000000000000100038302983829HELIO JOAQUIM OLIVEIRA                  DA ALEGRIA, 95 JARDIM VISTA ALEGRE SANTA            13458586                                                            000002
100000 000000000000 00090345100325490REGTIT29761473171632     0002020000005986693400000000002N           2  01000598669314031900000000900000000000099N070319000000000000000600000000000000000000000000000000000000000000000222693540000130J S LANCHONETE E BEBIDAS LTDA           JUSCELINO KUBITSCHEK, 430 JD AMELIA PINH            83330020                                                            000003
100000 000000000000 00090345100325490REGTIT29761476078993     0002020000005985260700000000002N           2  02000598526011031900000000353200000000099N180219000000000000000240000000000000000000000000000000000000000000000100053155084049CATIA CILENE FONTOURA ARRUDA            LUPICINIO RODRIGUES, 1259 CASA STA RITA             92500000                                                            000004
100000 000000000000 00090345100325490REGTIT29761498764732     0002020000005969856P00000000002N           2  02000596985610031900000000097550000000099N090119000000000000000070000000000000000000000000000000000000000000000100056809840915SUZANA BARRACA                          19 DE NOVEMBRO, 516 CASA CENTRO OURIZONA            87170000                                                            000005
100000 000000000000 00090345100325490REGTIT29761517814658     0002020000005908935000000000002N           2  02000590893510031900000000170000000000099N190618000000000000000110000000000000000000000000000000000000000000000100030691104875SANDRA SOARES OLIVEIRA                  SITIO GRACIANO, 00 PORTAO VERDE SANTO AN            13450000                                                            000006
100000 000000000000 00090345100325490REGTIT29761689289977     0002020000005939033600000000002N           2  01000593903306051900000000300000000000099N250918000000000000000200000000000000000000000000000000000000000000000100009993020869BEATRIZ ROCHA                           ARGEMIRO CAMARGO PEDROSO, 1842 JARDIM SA            13457132                                                            000007
100000 000000000000 00090345100325490REGTIT29761828378840     0002020000005931483400000000002N           2  01000593148306051900000000095000000000099N080918000000000000000060000000000000000000000000000000000000000000000100081199465453ISAIAS DOS SANTOS SILVA                 RUA: SOUZA LEAO, 173 MARIA AUXILIADORA P            56300000                                                            000008
100000 000000000000 00090345100325490REGTIT29762138192893     0002020000005986686100000000002N           2  01000598668606051900000000125000000000099N060319000000000000000080000000000000000000000000000000000000000000000100007023015582LUCIMARIO DE SOUZA BARROS               FRANCISCO ALENCAR, 261 CENTRO FORMOSA DO            47990000                                                            000009
100000 000000000000 00090345100325490REGTIT29762164950552     0002020000005950981300000000002N           2  01000595098106051900000000158350000000099N071118000000000000000110000000000000000000000000000000000000000000000100047212128449MARIA IRENE DOS SANTOS SILVA            RUA DO UMBUZEIRO, 15 AREIA BRANCA PETROL            56300000                                                            000010
100000 000000000000 00090345100325490REGTIT29762182841789     0002020000005957371600000000002N           2  01000595737106051900000000108350000000099N161118000000000000000070000000000000000000000000000000000000000000000100004811967909MARIA EUGENIA RAMOS DINIZ               RUA DA CARIDADE, 04 DOM AVELAE PETROLINA            56300000                                                            000011
100000 000000000000 00090345100325490REGTIT29762410532587     0002020000005902058P00000000002N           2  02000590205815021900000000330000000000099N070618000000000000000220000000000000000000000000000000000000000000000100037564791888TAINA KRYSIA G TEIXEIRA                 OSORIO DUQUE ESTRADA, 647 JD BATIGIM SBO            13450000                                                            000012
100000 000000000000 00090345100325490REGTIT29762441349041     0002020000005920893700000000002N           2  01000592089306051900000000100000000000099N070818000000000000000070000000000000000000000000000000000000000000000100010799484490ELIELMA  DOS  SANTOS  RODRIGUES         RUA  TRAVESSA  F, N 6 PROJETO  N 01 PETR            56300000                                                            000013
100000 000000000000 00090345100325490REGTIT29762759471804     0002020000005956889500000000002N           2  01000595688906051900000000130000000000099N131118000000000000000090000000000000000000000000000000000000000000000100016793297821SONIA APARECIDA RODRIGUES NUNES DA SILVAPRESIDENTE ARTUR COSTA E SILVA, 16 31 DE            13450000                                                            000014
100000 000000000000 00090345100325490REGTIT29763055740259     0002020000005937015700000000002N           2  01000593701506051900000000165000000000099N120918000000000000000110000000000000000000000000000000000000000000000100016685690860JOSÉ DERNIVALDO SILVESTRE               RUA:01, N:706 MANDACARU PETROLINA PE                56300000                                                            000015
100000 000000000000 00090345100325490REGTIT29763098129319     0002020000005931363300000000002N           2  01000593136306051900000000100000000000099N060918000000000000000070000000000000000000000000000000000000000000000100004086204479EDITE RODRIGUES DOS SANTOS              RUA ILHA DO SOLTEIRO, 55 JOSE E MARIA  P            56300000                                                            000016
100000 000000000000 00090345100325490REGTIT29763278162148     0002020000005919928800000000002N           2  01000591992806051900000000410000000000099N010818000000000000000270000000000000000000000000000000000000000000000100009598811824CELIA REGINA SOARES NUNES               GUARANTÃ, 61 JD. FLAMBOYANT SANTA BÁRBAR            13450636                                                            000017
100000 000000000000 00090345100325490REGTIT29763415530357     0002020000005978628000000000002N           2  01000597862806051900000000089650000000099N060219000000000000000060000000000000000000000000000000000000000000000100003140711999ANGELA MARIA DE SOUZA ROSADA            CAMPO GRANDE, 982 CENTRO OURIZONA PR                87170000                                                            000018
100000 000000000000 00090345100325490REGTIT29763672702088     0002020000005931024300000000002N           2  01000593102406051900000000106250000000099N050918000000000000000070000000000000000000000000000000000000000000000100018789196449RAIMUNDA NILA GONCALVES                 ARE: 19, LOTE: 1911 PROJETO MARIA TEREZA            56300000                                                            000019
100000 000000000000 00090345100325490REGTIT29763920382997     0002020000005909007300000000002N           2  01000590900706051900000000084600000000099N190618000000000000000060000000000000000000000000000000000000000000000100027203453855MONICA DE JESUS SANTANA                 CAMPO GRANDE, 1569 CENTRO OURIZONA PR               87170000                                                            000020
100000 000000000000 00090345100325490REGTIT29764003952340     0002020000005951071400000000002N           2  01000595107106051900000000050000000000099N071118000000000000000030000000000000000000000000000000000000000000000100043210449449MARIA  DA  CONCEIÇAO  AMORIM  CASTRO    RUA  PEDRA  GRANDE, N 287   JARDIM  MARA            56300000                                                            000021
100000 000000000000 00090345100325490REGTIT29764024595953     0002020000005986692600000000002N           2  01000598669215031900000000700000000000099N070319000000000000000470000000000000000000000000000000000000000000000220691429000180MARIA BELA SEMI JÓIAS LTDA              AMERICA DO NORTE, 43 CENTRO PINHAIS PR              83323310                                                            000022
100000 000000000000 00090345100325490REGTIT29764117544057     0002020000005986056100000000002N           2  01000598605606051900000001333330000000099N260219000000000000000890000000000000000000000000000000000000000000000100033030463877ADRIANA FERREIRA DE SOUSA               ALVES DE SOUZA, 76 JD AMALIA  SAO PAULO             05890010                                                            000023
100000 000000000000 00090345100325490REGTIT29764131190669     0002020000005969802000000000002N           2  02000596980208021900000000141670000000099N080119000000000000000090000000000000000000000000000000000000000000000100025801296859OSCAR SILGUEIRA FREIRE                  DEZESSETE, 135 PQ DO CAFE UM MONTE MOR S            13190000                                                            000024
100000 000000000000 00090345100325490REGTIT29764144689138     0002020000005931233500000000002N           2  01000593123306051900000000112000000000099N060918000000000000000070000000000000000000000000000000000000000000000100061336564504JUCI  CLEIDE  SANTOS  GOMES             RUA  MAXIMO, S|N ILHA DO  MASSANGANO PET            56300000                                                            000025
100000 000000000000 00090345100325490REGTIT29764336605928     0002020000005986668300000000002N           2  01000598666806051900000000141940000000099N060319000000000000000090000000000000000000000000000000000000000000000100000410180955CELIA MALAQUIAS KAISER                  CANDIDO BORSATO, 895 UVARANAS PONTA GROS            84030520                                                            000026
100000 000000000000 00090345100325490REGTIT29764337621993     0002020000005968755P00000000002N           2  01000596875506051900000000250000000000099N261218000000000000000170000000000000000000000000000000000000000000000100015282465434PEDRO GONÇALVES BEZERRA                 INDAIA, 18 JARDIM BATAGIN SANTA BARBARA             13453068                                                            000027
100000 000000000000 00090345100325490REGTIT29764430865343     0002020000005969262600000000002N           2  01000596926206051900000000150000000000099N020119000000000000000100000000000000000000000000000000000000000000000100012232939200DOMINGOS DOS SANTOS GOMES FILHO         TRAVESSA DOS BERREDOS, 970 AGULHA BELEM             66811005                                                            000028
100000 000000000000 00090345100325490REGTIT29764522443264     0002020000005946885800000000002N           2  01000594688506051900000000262860000000099N101018000000000000000180000000000000000000000000000000000000000000000100001533629528MARIA  DE  LOURDES  DOS  SANTOS  SOUZA  RUA 01, N 33 JARDIM  PETROPOLIS PETROLIN            56300000                                                            000029
100000 000000000000 00090345100325490REGTIT29764606987713     0002020000005930714500000000002N           2  02000593071405031900000000150000000000099N040918000000000000000100000000000000000000000000000000000000000000000100017151480881LAURINDA GONCALVES DE SOUZA ALBIERO     ALBERTO NOVAES, 372 RES. FURLAN SANTA BÁ            13451192                                                            000030
100000 000000000000 00090345100325490REGTIT29764660702165     0002020000005968149700000000002N           2  02000596814911021900000000277000000000099N201218000000000000000180000000000000000000000000000000000000000000000100025801296859OSCAR SILGUEIRA FREIRE                  DEZESSETE, 135 PQ DO CAFE UM MONTE MOR S            13190000                                                            000031
100000 000000000000 00090345100325490REGTIT29764716791771     0002020000005951158300000000002N           2  01000595115806051900000000125000000000099N071118000000000000000080000000000000000000000000000000000000000000000100037061100400LUZIA RUMANA DE ANDRADE RIBEIRO         RUA DA ROSA, 669 DOM MALAN  PETROLINA PE            56300000                                                            000032
100000 000000000000 00090345100325490REGTIT29764745742699     0002020000005960156600000000002N           2  01000596015606051900000000196430000000099N031218000000000000000130000000000000000000000000000000000000000000000100000866892583ISAELMA PINHEIRO DE GOES DE BORBA       ASSIS BRASIL, 505 VILA ELZA GUAIBA RS               92500000                                                            000033
100000 000000000000 00090345100325490REGTIT29764806913683     0002020000005986604700000000002N           2  01000598660406051900000000200000000000099N060319000000000000000130000000000000000000000000000000000000000000000100082695199015CRISTIANE SCHMITT ALLENDORF             RUA NILO SCUR, 555 CASA DOS CUNHAS VIAMA            99940000                                                            000034
100000 000000000000 00090345100325490REGTIT29764848126764     0002020000005966490800000000002N           2  02000596649010031900000000145000000000099N111218000000000000000100000000000000000000000000000000000000000000000100080006222978FABIANA APARECIDA DE OLIVEIRA           FAZENDA APUCARANA, 111 CENTRO OURIZONA P            87170000                                                            000035
100000 000000000000 00090345100325490REGTIT29765783416827     0002020000005985296800000000002N           2  02000598529605031900000000122670000000099N180219000000000000000080000000000000000000000000000000000000000000000100011687443858MARCOS FRANCISCO DOS SANTOS             RUA SEBASTIAO MALUCELLI, 1200 BL E AP 23            81050270                                                            000036
100000 000000000000 00090345100325490REGTIT29765874729487     0002020000005936997300000000002N           2  01000593699706051900000000075000000000099N120918000000000000000050000000000000000000000000000000000000000000000100014585600400JOAO DIAS DA SILVA                      RUA: 02, 298 PEDRO RAIMUNDO PETROLINA PE            56300000                                                            000037
100000 000000000000 00090345100325490REGTIT29765968279842     0002020000005986694200000000002N           2  01000598669415041900000000356000000000099N070319000000000000000240000000000000000000000000000000000000000000000212786836000576AGRODAN AGROPECUARIA RORIZ DANTAS LTDA  AGUA FRIA,  CENTRO CURACA BA                        48930000                                                            000038
100000 000000000000 00090345100325490REGTIT29766073648850     0002020000005839216500000000002N           2  01000583921606051900000000210000000000099N081217000000000000000140000000000000000000000000000000000000000000000100013511681855EDISON OLIVEIRA DA SILVA                DAS POMBAS, 60 JARDIM VAZAMI EMBU SP                06826380                                                            000039
100000 000000000000 00090345100325490REGTIT29766323695911     0002020000005970266400000000002N           2  02000597026605031900000000120000000000099N100119000000000000000080000000000000000000000000000000000000000000000100059067993204ALEXANDRE PANTOJA GONÇALVES             SIQUEIRA MENDES, 594 CRUZEIRO (ICOARACI)            66810050                                                            000040
100000 000000000000 00090345100325490REGTIT29766449272731     0002020000005948364400000000002N           2  02000594836420021900000000111390000000099N201018000000000000000070000000000000000000000000000000000000000000000100025801296859OSCAR SILGUEIRA FREIRE                  DEZESSETE, 135 PQ DO CAFE UM MONTE MOR S            13190000                                                            000041
100000 000000000000 00090345100325490REGTIT29766459679102     0002020000005930190200000000002N           2  01000593019006051900000000696000000000099N010918000000000000000460000000000000000000000000000000000000000000000100063470748934LUIZ SCHIMINSKI                         RUA JOAO KLEMBA, 0 ZONA RURAL BELA VISTA            83700971                                                            000042
100000 000000000000 00090345100325490REGTIT29766463026958     0002020000005931533400000000002N           2  01000593153306051900000000115000000000099N080918000000000000000080000000000000000000000000000000000000000000000100009666476452REGIMONE   MARIA  DE  SOUZA   GOMES     RUA LAT ASSUCENA, N 907 PROJETO MARIA TE            56300000                                                            000043
100000 000000000000 00090345100325490REGTIT29766789416207     0002020000005978079700000000002N           2  02000597807902031900000000196000000000099N310119000000000000000130000000000000000000000000000000000000000000000100029552273234NALVA DO SOCORRO SOUZA DA SILVA         TRAVESSA SAO ROQUE, 974 CRUZEIRO BELEM P            66810020                                                            000044
100000 000000000000 00090345100325490REGTIT29766819945983     0002020000005976766900000000002N           2  02000597676610031900000000560000000000099N220119000000000000000370000000000000000000000000000000000000000000000100011551813874VILMA AP SOARES DA SILVA                PEDRO CANDIDO RANGEL, 183 PARQUE RESIDEN            13458066                                                            000045
100000 000000000000 00090345100325490REGTIT29766928303734     0002020000005978093200000000002N           2  02000597809306031900000000190000000000099N310119000000000000000130000000000000000000000000000000000000000000000100004737842893URIEL DE JESUS SANDINO PEREZ            WILHELM FRIEDRICH LADWIG, 80 JARDIM CLAR            05866170                                                            000046
100000 000000000000 00090345100325490REGTIT29767084731422     0002020000005957666900000000002N           2  01000595766606051900000000121350000000099N191118000000000000000080000000000000000000000000000000000000000000000100002550094450LINDOMAR DIAS RODRIGUES                 RUA D, 24 PROX A CHACARA FIGUEROA PROJET            56300000                                                            000047
100000 000000000000 00090345100325490REGTIT29767122917580     0002020000005967906900000000002N           2  02000596790625021900000000190000000000099N191218000000000000000130000000000000000000000000000000000000000000000100038302983829HELIO JOAQUIM OLIVEIRA                  DA ALEGRIA, 95 JARDIM VISTA ALEGRE SANTA            13458586                                                            000048
100000 000000000000 00090345100325490REGTIT29767228241513     0002020000005968489500000000002N           2  02000596848922021900000000032350000000099N221218000000000000000020000000000000000000000000000000000000000000000100006124675978ALESSANDRA DA SILVA FLORENCIO           PARANA, 487 CENTRO OURIZONA PR                      87170000                                                            000049
100000 000000000000 00090345100325490REGTIT29768050477368     0002020000005948635P00000000002N           2  02000594863523021900000000038300000000099N231018000000000000000030000000000000000000000000000000000000000000000100006124675978ALESSANDRA DA SILVA FLORENCIO           PARANA, 487 CENTRO OURIZONA PR                      87170000                                                            000050
100000 000000000000 00090345100325490REGTIT29768208489231     0002020000005976008700000000002N           2  01000597600806051900000000108330000000099N160119000000000000000070000000000000000000000000000000000000000000000100010339017929SAMUEL SULIGO MUNIZ DA LUZ              LUIS BERTOLDI, 586 CASA CAMPO DE SANTANA            81490362                                                            000051
100000 000000000000 00090345100325490REGTIT29768283395688     0002020000005968882300000000002N           2  02000596888228021900000000350000000000099N271218000000000000000230000000000000000000000000000000000000000000000100005752450268JUCIREMA CONCEIÇÃO DOS SANTOS           TRAVESSA DO CRUZEIRO, 1296 CRUZEIRO BELE            66810000                                                            000052
100000 000000000000 00090345100325490REGTIT29768701121927     0002020000005960680000000000002N           2  01000596068006051900000000163330000000099N061218000000000000000110000000000000000000000000000000000000000000000100074359878249DEREK FABIO DOS SANTOS BENTES           JULIO GOMES, 439 CAMPINA DE ICOARACI (IC            66813050                                                            000053
100000 000000000000 00090345100325490REGTIT29768972757479     0002020000005931502400000000002N           2  01000593150206051900000000137500000000099N080918000000000000000090000000000000000000000000000000000000000000000100003867512426ROSANGELA  DA  SILVA   SA               RUA  U PARNAMERIM, N 101 BERNARDINO PETR            56300000                                                            000054
100000 000000000000 00090345100325490REGTIT29768995099411     0002020000005950749700000000002N           2  01000595074906051900000000100000000000099N061118000000000000000070000000000000000000000000000000000000000000000100041817478400RAIMUNDO NONATO PEREIRA                 11, 45 NOVA DESCUBERTA PETROLINA PE                 56300000                                                            000055
100000 000000000000 00090345100325490REGTIT29769077754273     0002020000005947190500000000002N           2  02000594719010021900000000150000000000099N111018000000000000000100000000000000000000000000000000000000000000000100002195644427ROSILDA BARBOSA DE CARVALHO             RUA 04, 310 B ANTONIO CASSIMIRO  PETROLI            56300000                                                            000056
100000 000000000000 00090345100325490REGTIT29769199297589     0002020000005929005600000000002N           2  02000592900510031900000000160000000000099N270818000000000000000110000000000000000000000000000000000000000000000100025801296859OSCAR SILGUEIRA FREIRE                  DEZESSETE, 135 PQ DO CAFE UM MONTE MOR S            13190000                                                            000057
100000 000000000000 00090345100325490REGTIT29769210442499     0002020000005986427300000000002N           2  01000598642706051900000000083170000000099N010319000000000000000060000000000000000000000000000000000000000000000100008755408990RAHIFA LAURA AMATTI RODRIGUES           HARRY FEEKEN, 2037 BONECA DO IGUACU SAO             83040000                                                            000058
100000 000000000000 00090345100325490REGTIT29769388521292     0002020000005917825600000000002N           2  02000591782510031900000000590000000000099N180718000000000000000390000000000000000000000000000000000000000000000100025801296859OSCAR SILGUEIRA FREIRE                  DEZESSETE, 135 PQ DO CAFE UM MONTE MOR S            13190000                                                            000059
100000 000000000000 00090345100325490REGTIT29769455264475     0002020000005950567200000000002N           2  02000595056710031900000000068000000000099N061118000000000000000050000000000000000000000000000000000000000000000100086830996872GILBERTO DE SIQUEIRA GERALDO            INDAIÁ, 55 JARDIM BATAGIN SANTA BÁRBARA             13453068                                                            000060
100000 000000000000 00090345100325490REGTIT29769488953546     0002020000005960651700000000002N           2  01000596065106051900000000400000000000099N051218000000000000000270000000000000000000000000000000000000000000000100000931474817ALDEMIRA APARECIDA DA SILVA MACHADO     MARIPORA, 30 CHACARA CAXINGUI  EMBU DAS             06825020                                                            000061
9                                                                                                                                                                                                                                                                                                                                                                                                         000062