01REMESSA01COBRANCA       00000000000004972103WC SISTEMAS E EQUIPAMENTOS DE 237BRADESCO       270319        MX0002669                                                                                                                                                                                                                                                                                     000001
100000 000000000000 00090345100240370REGTIT26691812070577     0002020000005964013800000000002N           2  02181207057728121800000000239700000000099N061218000000000000000360000000000000000000000000000000000000000000000202362570000157REGINA GONCALVES DOS SANTOS ME          JOAQUIM SIMOES, 285                                 81150319                                                            000002
100000 000000000000 00090345100240370REGTIT26691901070577     0002020000005973517100000000002N           2  02190107057730011900000000134800000000099N110119000000000000000200000000000000000000000000000000000000000000000202362570000157REGINA GONCALVES DOS SANTOS ME          JOAQUIM SIMOES, 285                                 81150319                                                            000003
100000 000000000000 00090345100240370REGTIT26691901072763     0002020000005975042100000000002N           2  02190107276330011900000000512680000000099N110119000000000000000770000000000000000000000000000000000000000000000202652992000167PRECTOBENS ASSESSORIA EMPRESARIAL LTDA  REPUBLICA DA SIRIA , 165                            80010981                                                            000004
100000 000000000000 00090345100240370REGTIT26691902070577     0002020000005982273200000000002N           2  02190207057728021900000000134800000000099N080219000000000000000200000000000000000000000000000000000000000000000202362570000157REGINA GONCALVES DOS SANTOS ME          JOAQUIM SIMOES, 285                                 81150319                                                            000005
100000 000000000000 00090345100240370REGTIT26691902072763     0002020000005983702000000000002N           2  02190207276328021900000000416850000000099N080219000000000000000630000000000000000000000000000000000000000000000202652992000167PRECTOBENS ASSESSORIA EMPRESARIAL LTDA  REPUBLICA DA SIRIA , 165                            80010981                                                            000006
100000 000000000000 00090345100240370REGTIT26691903000073     0002020000005987814200000000002N           2  01190300007329031900000000004950000000099N130319000000000000000010000000000000000000000000000000000000000000000208745918000172WC SISTEMAS E EQUIPAMENTOS DE INFORMATICAVENIDA CANDIDO DE ABREU, 70                        80530000                                                            000007
100000 000000000000 00090345100240370REGTIT26691903000764     0002020000005987821500000000002N           2  01190300076429031900000004682060000000099N130319000000000000007020000000000000000000000000000000000000000000000208745918000172DEPARTAMENTO COMERCIAL CURITIBA         9AV CANDIDO DE ABREU, 70                            80530000                                                            000008
100000 000000000000 00090345100240370REGTIT26691903001068     0002020000005987822300000000002N           2  02190300106829031900000000021150000000099N130319000000000000000030000000000000000000000000000000000000000000000211324664000122ATUAL SOLUCOES EM ANALISE E RECUPERAÇÃO RUA SENADOR SOUZA NAVES, 09                         86010160                                                            000009
100000 000000000000 00090345100240370REGTIT26691903004835     0002020000005987845200000000002N           2  02190300483529031900000000004950000000099N130319000000000000000010000000000000000000000000000000000000000000000293215408000161WEB CONTROL EMPRESAS- FRANQUIA PORTO ALERUA DA ESPERANCA, 79                                91920240                                                            000010
100000 000000000000 00090345100240370REGTIT26691903040933     0002020000005988176300000000002N           2  02190304093329031900000000004950000000099N130319000000000000000010000000000000000000000000000000000000000000000100016864786072WEB CONTROL EMPRESAS- FRANQUIA PORTO ALEAV OTTO NIEMEYER, 2522                              91010001                                                            000011
100000 000000000000 00090345100240370REGTIT26691903070577     0002020000005990814900000000002N           2  02190307057729031900000000109900000000099N130319000000000000000160000000000000000000000000000000000000000000000202362570000157REGINA GONCALVES DOS SANTOS ME          JOAQUIM SIMOES, 285                                 81150319                                                            000012
100000 000000000000 00090345100240370REGTIT26691903072763     0002020000005992146300000000002N           2  02190307276329031900000000129900000000099N130319000000000000000190000000000000000000000000000000000000000000000202652992000167PRECTOBENS ASSESSORIA EMPRESARIAL LTDA  REPUBLICA DA SIRIA , 165                            80010981                                                            000013
100000 000000000000 00090345100240370REGTIT2669996886991866   0002020090005918987900000000002N           2  02996886991802081800000000269700000000099N250718000000000000000400000000000000000000000000000000000000000000000202228175000186EIGENSTUHLER MATERIAIS DE CONSTRUCAO LTDRUA SANTA MARIA, 780                                83408560                                                            000014
9                                                                                                                                                                                                                                                                                                                                                                                                         000015