01REMESSA01COBRANCA       00000000000004852239ISPCN                         237BRADESCO       220319        MX0003104                                                                                                                                                                                                                                                                                     000001
100000 000000000000 00090345100325490REGTIT31042459644778     0002020000005995011000000000002N           2  01000599501115041900000000069000000000099N220319000000000000000050000000000000000000000000000000000000000000000100001440547106ANTONIO SOLANGE LOPES PEREIRA           RUA MARIA VIRGINIA PIMENTEL, 352 CASA 1             79062550                                                            000002
100000 000000000000 00090345100325490REGTIT31042459644778     0002020000005995012900000000002N           2  01000599501215051900000000069000000000099N220319000000000000000050000000000000000000000000000000000000000000000100001440547106ANTONIO SOLANGE LOPES PEREIRA           RUA MARIA VIRGINIA PIMENTEL, 352 CASA 1             79062550                                                            000003
100000 000000000000 00090345100325490REGTIT31042653545956     0002020000005994987200000000002N           2  01000599498725041900000000200000000000099N220319000000000000000130000000000000000000000000000000000000000000000100000276938135MARIA TEIXEIRA DO NASCIMENTO ALVES      JOAO LINDOS DO SANTOS, 00 CASCATINHA UM             79170000                                                            000004
100000 000000000000 00090345100325490REGTIT31042745207241     0002020000005978529200000000002N           2  02000597852905031900000000148000000000099N050219000000000000000200000000000000000000000000000000000000000000000100072082801853FIRMINA CASEMIRA DA SILVA               JAO QD 36 LT 43, s|n QD 36 LT 43 COLINA             74970000                                                            000005
100000 000000000000 00090345100325490REGTIT31043037380414     0002020000005960093400000000002N           2  02000596009310031900000000150000000000099N031218000000000000000200000000000000000000000000000000000000000000000100027679872864SUELY PEREIRA                           PARANAGUA, 142 CASA AMADOR BUENO ITAPEVI            06680390                                                            000006
100000 000000000000 00090345100325490REGTIT31044162869242     0002020000005977543200000000002N           2  02000597754320031900000000040250000000099N260119000000000000000030000000000000000000000000000000000000000000000100002373067196CINDY ROCHA EUGENIO                     QR615  CONJ10  CASA, 20 NORTE SAMAMBAIA             72331811                                                            000007
100000 000000000000 00090345100325490REGTIT31044224998003     0002020000005966045700000000002N           2  02000596604507031900000000320000000000099N081218000000000000000430000000000000000000000000000000000000000000000100004139173122JESSICA PEREIRA DE LIMA SENA            RUA 24 QD 15 LT 17, S|N QD15 LT 17 SETOR            74970000                                                            000008
100000 000000000000 00090345100325490REGTIT31044918955158     0002020000005995029300000000002N           2  01000599502915041900000000069000000000099N220319000000000000000050000000000000000000000000000000000000000000000100048959642134JOAO DOS SANTOS SILVA                   RUA PONTALINA, 1016 UNIVERSITARIO CAMPO             79063561                                                            000009
100000 000000000000 00090345100325490REGTIT31044918955158     0002020000005995030700000000002N           2  01000599503015051900000000069000000000099N220319000000000000000050000000000000000000000000000000000000000000000100048959642134JOAO DOS SANTOS SILVA                   RUA PONTALINA, 1016 UNIVERSITARIO CAMPO             79063561                                                            000010
100000 000000000000 00090345100325490REGTIT31045570973298     0002020000005927839000000000002N           2  02000592783920031900000000090000000000099N210818000000000000000060000000000000000000000000000000000000000000000100070817310401GABRIELA  BEZERRA  DA  SILVA            RUA  05, N 120 PORTO  DA  ILHA PETROLINA            56300000                                                            000011
100000 000000000000 00090345100325490REGTIT31046221078634     0002020000005902926900000000002N           2  02000590292608031900000000230000000000099N110618000000000000000150000000000000000000000000000000000000000000000100019038211856MARCOS DONIZETE PAULELA                 ANTENOR ROZINELLI, 117 JARDIM SAN MARINO            13453476                                                            000012
100000 000000000000 00090345100325490REGTIT31046441697656     0002020000005948451900000000002N           2  02000594845120031900000000081670000000099N221018000000000000000050000000000000000000000000000000000000000000000100000975949896NASCIMENTO  JOSE  DA  SILVA             RUA  17, N  17 QUATI  2 PETROLINA PE                56300000                                                            000013
100000 000000000000 00090345100325490REGTIT31046704749324     0002020000005978364800000000002N           2  02000597836405031900000000262000000000099N040219000000000000000170000000000000000000000000000000000000000000000100026988968172ANAIR XAVIER DE DEUS                    ARACARI, 0 Q 50 LT 14 CASA 2 COLINA AZUL            74909000                                                            000014
100000 000000000000 00090345100325490REGTIT31046747341048     0002020000005994984800000000002N           2  01000599498412041900000000315000000000099N220319000000000000000210000000000000000000000000000000000000000000000204369521000171PANIFICADORA AGUAS CLARAS               JOAO ZARPELON, 171 COSTEIRA SAO JOSE DOS            83015210                                                            000015
100000 000000000000 00090345100325490REGTIT31046919204807     0002020000005994985600000000002N           2  01000599498522041900000002300520000000099N220319000000000000001530000000000000000000000000000000000000000000000100004593379393MANOEL NASCIMENTO DE LIMA               DOUTOR LAERTE SETUBAL, 507 VILA SUZANA              05665010                                                            000016
100000 000000000000 00090345100325490REGTIT31047021390981     0002020000005986222P00000000002N           2  02000598622227031900000000415000000000099N270219000000000000000550000000000000000000000000000000000000000000000100097840840159RAIMUNDA LACERDA ARAUJO                 RUA 12 QD 18 LT 12, s|n Q15 LT22 INDEPEN            74967100                                                            000017
100000 000000000000 00090345100325490REGTIT31047374686470     0002020000005993444100000000002N           2  02000599344420031900000000799990000000099N180319000000000000000530000000000000000000000000000000000000000000000100071040323120VALDIR COSTA VIEIRA                     QR 415 CONJ 05 CS 29, 29 NORTE BRASILIA             72000000                                                            000018
100000 000000000000 00090345100325490REGTIT31047669070180     0002020000005985508800000000002N           2  02000598550820031900000000071230000000099N200219000000000000000050000000000000000000000000000000000000000000000100002000716962MARIA VICENTE BARBOSA                   QUADRA 2 LOTE 13, LOTE13 BAIXADA DA AREI            87170000                                                            000019
100000 000000000000 00090345100325490REGTIT31047919313162     0002020000005995020P00000000002N           2  01000599502015041900000000097630000000099N220319000000000000000070000000000000000000000000000000000000000000000100002322866121JOHNNY F. MEIRA                         ENGENHEIRO MILTON LOUREIRO, 348 JARDIM I            79062171                                                            000020
100000 000000000000 00090345100325490REGTIT31047919313162     0002020000005995021800000000002N           2  01000599502115051900000000097630000000099N220319000000000000000070000000000000000000000000000000000000000000000100002322866121JOHNNY F. MEIRA                         ENGENHEIRO MILTON LOUREIRO, 348 JARDIM I            79062171                                                            000021
100000 000000000000 00090345100325490REGTIT31048156555319     0002020000005995028500000000002N           2  01000599502808041900000000471000000000099N220319000000000000000310000000000000000000000000000000000000000000000100005011625346EDIVAN CARLOS LIMA SILVA                AVENIDA DO EXPEDICIONARIO, 4004 CASA BOM            83600000                                                            000022
100000 000000000000 00090345100325490REGTIT31048229263168     0002020000005978623P00000000002N           2  02000597862315031900000000130000000000099N060219000000000000000090000000000000000000000000000000000000000000000100001798074206CARLA MICHELLE MATOS GOMES              CORONEL JUVENCIO SARMENTO, 1274 PONTA GR            66812490                                                            000023
100000 000000000000 00090345100325490REGTIT31048916571926     0002020000005928487000000000002N           2  02000592848705031900000000100000000000099N240818000000000000000070000000000000000000000000000000000000000000000100003166497595RITA DE CASSIA DOS SANTOS               RUA: O, 21 QUADRA D PROJETO N 4 PETROLIN            56300000                                                            000024
100000 000000000000 00090345100325490REGTIT31049129801856     0002020000005969823300000000002N           2  02000596982320031900000000154000000000099N080119000000000000000100000000000000000000000000000000000000000000000100025482177874NERON GAVIAO                            JOAO TONON, 886 VILA BELA GUARAPUAVA PR             85027050                                                            000025
100000 000000000000 00090345100325490REGTIT31049510050424     0002020000005970271000000000002N           2  02000597027120031900000000134880000000099N100119000000000000000090000000000000000000000000000000000000000000000100011431930911FERNANDA CRISTINA MARTINS OLIVEIRA      SETE DE SETEMBRO, 718 CENTRO PONTA GROSS            84010350                                                            000026
9                                                                                                                                                                                                                                                                                                                                                                                                         000027