01REMESSA01COBRANCA       00000000000004972103WC SISTEMAS E EQUIPAMENTOS DE 237BRADESCO       010319        MX0002576                                                                                                                                                                                                                                                                                     000001
100000 000000000000 00090345100240370REGTIT25761811068057     0002020000005953955000000000002N           2  02181106805730111800000000159800000000099N091118000000000000000240000000000000000000000000000000000000000000000214123720000159ALCIDES STRAPASSON JUNIOR ME             RUA ANGELO STRAPASSON COSTA, 752                   83414230                                                            000002
100000 000000000000 00090345100240370REGTIT25761812062749     0002020000005961613P00000000002N           2  02181206274928121800000000319700000000099N061218000000000000000480000000000000000000000000000000000000000000000217470656000170FALCON ALARMES LTDA                     RUA CEARA, 450                                      68633000                                                            000003
100000 000000000000 00090345100240370REGTIT25761812068057     0002020000005963084100000000002N           2  02181206805728121800000000289700000000099N061218000000000000000430000000000000000000000000000000000000000000000214123720000159ALCIDES STRAPASSON JUNIOR ME             RUA ANGELO STRAPASSON COSTA, 752                   83414230                                                            000004
100000 000000000000 00090345100240370REGTIT25761901000073     0002020000005970324500000000002N           2  02190100007330011900000000004950000000099N110119000000000000000010000000000000000000000000000000000000000000000208745918000171WC SISTEMAS E EQUIPAMENTOS DE INFORMATICAVENIDA CANDIDO DE ABREU, 70                        80530000                                                            000005
100000 000000000000 00090345100240370REGTIT25761901062749     0002020000005971192200000000002N           2  02190106274930011900000000174800000000099N110119000000000000000260000000000000000000000000000000000000000000000217470656000170FALCON ALARMES LTDA                     RUA CEARA, 450                                      68633000                                                            000006
100000 000000000000 00090345100240370REGTIT25761901068057     0002020000005972626100000000002N           2  02190106805730011900000000159800000000099N110119000000000000000240000000000000000000000000000000000000000000000214123720000159ALCIDES STRAPASSON JUNIOR ME             RUA ANGELO STRAPASSON COSTA, 752                   83414230                                                            000007
100000 000000000000 00090345100240370REGTIT25761902000073     0002020000005979170500000000002N           2  02190200007328021900000000004950000000099N080219000000000000000010000000000000000000000000000000000000000000000208745918000171WC SISTEMAS E EQUIPAMENTOS DE INFORMATICAVENIDA CANDIDO DE ABREU, 70                        80530000                                                            000008
100000 000000000000 00090345100240370REGTIT25761902000764     0002020000005979177200000000002N           2  02190200076428021900000004116910000000099N080219000000000000006180000000000000000000000000000000000000000000000208745918000171DEPARTAMENTO COMERCIAL CURITIBA         AV CANDIDO DE ABREU, 70                             80530000                                                            000009
100000 000000000000 00090345100240370REGTIT25761902023096     0002020000005979368600000000002N           2  02190202309628021900000000466540000000099N080219000000000000000700000000000000000000000000000000000000000000000206866893000139WEBCONTROL EMPRESAS - CPD               AVENIDA CANDIDO DE ABREU, 70                        80530000                                                            000010
100000 000000000000 00090345100240370REGTIT25761902070362     0002020000005982185P00000000002N           2  02190207036228021900000000196690000000099N080219000000000000000300000000000000000000000000000000000000000000000251979256000123WEB CONTROL EMPRESAS                    AVENIDA CANDIDO DE ABREU, 70                        80530000                                                            000011
100000 000000000000 00090345100240370REGTIT25761902072643     0002020000005983597400000000002N           2  02190207264328021900000000279800000000099N080219000000000000000420000000000000000000000000000000000000000000000100004537943947TATIANE DE OLIVEIRA TEIXEIRA PEREIRA    RUA PARANAGUA, 339 B                                83410390                                                            000012
100000 000000000000 00090345100240370REGTIT257699695365780    0002020090005986322700000000002N           2  01996953657815031900000000290000000000099N280219000000000000000440000000000000000000000000000000000000000000000215773889000117SUELLEN FREITAS FERREIRA ACESSORIOS     AVENIDA DOUTOR SEZEFREDO AZAMBUJA VIEIRA            92020020                                                            000013
100000 000000000000 00090345100240370REGTIT2576996616943491   0002020090005986336700000000002N           2  01996616943401031900000000270000000000099N280219000000000000000410000000000000000000000000000000000000000000000210197964000125MALYDUS COMERCIO DE ROUPAS LTDA         RODOVIA BR-376, 18771                               83090360                                                            000014
100000 000000000000 00090345100240370REGTIT2576996654796121   0002020090005984235100000000002N           2  02996654796115021900000000329700000000099N110219000000000000000490000000000000000000000000000000000000000000000212656094000211NEDINO FERREIRA NEVES ME                RUA JOSE DE OLIVEIRA FRANCO, 1217                   82840000                                                            000015
100000 000000000000 00090345100240370REGTIT2576996953630872   0002020090005986321900000000002N           2  01996953630828021900000000290000000000099N280219000000000000000440000000000000000000000000000000000000000000000215773889000117SUELLEN FREITAS FERREIRA ACESSORIOS     AVENIDA DOUTOR SEZEFREDO AZAMBUJA VIEIRA            92020020                                                            000016
100000 000000000000 00090345100240370REGTIT2576997054985005   0002020090005939513400000000002N           2  02997054985008101800000000314700000000099N270918000000000000000470000000000000000000000000000000000000000000000220468022000198D LIMA GAS LTDA                         R JOAO VITOR FALAVINHA, 537                         83430000                                                            000017
100000 000000000000 00090345100240370REGTIT2576997180165090   0002020090005986340500000000002N           2  01997180165008031900000000180000000000099N280219000000000000000270000000000000000000000000000000000000000000000100003171472937RODRIGO DE SOUZA FERREIRA               RUA FRANCISCO TORRES, 545                           80060130                                                            000018
100000 000000000000 00090345100240370REGTIT2576997203839971   0002020090005986341300000000002N           2  01997203839908031900000000239700000000099N280219000000000000000360000000000000000000000000000000000000000000000100036027472987RUY CARLOS GUISSONI                     RUA DURVAL LEOPOLDO LANDAL, 530                     81260270                                                            000019
100000 000000000000 00090345100240370REGTIT2576997264323365   0002020090005986339100000000002N           2  01997264323301031900000000099800000000099N280219000000000000000150000000000000000000000000000000000000000000000100004537943947TATIANE DE OLIVEIRA TEIXEIRA PEREIRA    RUA PARANAGUA, 339 B                                83410390                                                            000020
100000 000000000000 00090345100240370REGTIT2576997267481110   0002020090005986338300000000002N           2  01997267481101031900000000150000000000099N280219000000000000000230000000000000000000000000000000000000000000000229910707000117MARCIA FERREIRA LOPES LASTRA            R VISCONDE DO RIO BRANCO, 1818                      83005420                                                            000021
100000 000000000000 00090345100240370REGTIT2576997304454821   0002020090005986334000000000002N           2  01997304454807031900000000150000000000099N280219000000000000000230000000000000000000000000000000000000000000000221773423000114NOSSA CLINICA MEDICA ALMIRANTE TAMANDAREAVENIDA EMILIO JOHNSON, 434                         83501000                                                            000022
9                                                                                                                                                                                                                                                                                                                                                                                                         000023