01REMESSA01COBRANCA       00000000000004972103WC SISTEMAS E EQUIPAMENTOS DE 237BRADESCO       150319        MX0002631                                                                                                                                                                                                                                                                                     000001
100000 000000000000 00090345100240370REGTIT26311903001911     0002020000005987828200000000002N           2  02190300191129031900000000004950000000099N130319000000000000000010000000000000000000000000000000000000000000000211324664000122ATUAL SOLUÇÕES EM ANALISE E RECUPERAÇÃO RUA SENADOR SOUZA NAVES, 9                          86010160                                                            000002
100000 000000000000 00090345100240370REGTIT26311903007433     0002020000005987877000000000002N           2  02190300743329031900000000146430000000099N130319000000000000000220000000000000000000000000000000000000000000000211324664000122ATUAL SOLUCOES EM ANALISE E RECUPERAÇÃO RUA SENADOR SOUZA NAVES, 09                         86010160                                                            000003
9                                                                                                                                                                                                                                                                                                                                                                                                         000004