01REMESSA01COBRANCA       00000000000004852239ISPCN                         237BRADESCO       180319        MX0003055                                                                                                                                                                                                                                                                                     000001
100000 000000000000 00090345100325490REGTIT30552081595932     0002020000005985735800000000002N           2  06000598573530031900000000195000000000099N220219000000000000000130000000000000000000000000000000000000000000000100003900475202TEREZA DOS SANTOS RAMOS                 RIO CARA-CARA, 00 CACHOEIRA DO ARARI MAR            68840000                                                            000002
100000 000000000000 00090345100325490REGTIT30553526269731     0002020000005975436200000000002N           2  02000597543614031900000000064650000000099N140119000000000000000040000000000000000000000000000000000000000000000100002000716962MARIA VICENTE BARBOSA                   QUADRA 2 LOTE 13, LOTE13 BAIXADA DA AREI            87170000                                                            000003
100000 000000000000 00090345100325490REGTIT30554330981518     0002020000005947131P00000000002N           2  02000594713110031900000000105000000000099N111018000000000000000070000000000000000000000000000000000000000000000100004145318412KEILA  KATIANA  AMORIM  SILVA           RUA  G, N 25 TORRES  DOLAMITA   PETROLIN            56300000                                                            000004
100000 000000000000 00090345100325490REGTIT30554345303504     0002020000005993450600000000002N           2  01000599345020041900000000070000000000099N180319000000000000000050000000000000000000000000000000000000000000000100094692211334FRANCILEILA MARIANO CARNEIRO            RUA ALAGOAS, 520 JUCARA IMPERATRIZ MA               65919170                                                            000005
100000 000000000000 00090345100325490REGTIT30554629109923     0002020000005993445P00000000002N           2  01000599344520041900000000134000000000099N180319000000000000000090000000000000000000000000000000000000000000000100071486097391FRANCILEIA MARIANO CARNEIRO             RUA ALAGOAS, 520 JUCARA IMPERATRIZ MA               65919170                                                            000006
100000 000000000000 00090345100325490REGTIT30554653172687     0002020000005993460300000000002N           2  01000599346027041900000000072000000000099N180319000000000000000050000000000000000000000000000000000000000000000100068249462300FRANCISCA DIASSIZA REIS SILVA           RUA ALAGOAS, 520 JUCARA IMPERATRIZ MA               65919170                                                            000007
100000 000000000000 00090345100325490REGTIT30555153263720     0002020000005951256300000000002N           2  02000595125601031900000000100000000000099N081118000000000000000070000000000000000000000000000000000000000000000100007499837440SANAIDE ARAUJO SILVA SANTOS             RUA:CURRUPIÃO, N:98 PEDRA LINDA PETROLIN            56300000                                                            000008
100000 000000000000 00090345100325490REGTIT30555528814974     0002020000005968477100000000002N           2  02000596847722031900000000039650000000099N221218000000000000000030000000000000000000000000000000000000000000000100003080361903MARIA BERNADETE FACINA DEGAN            RUA CAMPO GRANDE, 693 CENTRO OURIZONA PR            87170000                                                            000009
100000 000000000000 00090345100325490REGTIT30557210859060     0002020000005959641400000000002N           2  02000595964107031900000000175000000000099N301118000000000000000120000000000000000000000000000000000000000000000100004761605960LUCAS BALAN                             EQUADOR, 117 JARDIM VITORIA CAMBE PR                86182135                                                            000010
100000 000000000000 00090345100325490REGTIT30557374686470     0002020000005993444100000000002N           2  01000599344420031900000000799990000000099N180319000000000000000530000000000000000000000000000000000000000000000100071040323120VALDIR COSTA VIEIRA                     QR 415 CONJ 05 CS 29, 29 NORTE BRASILIA             72000000                                                            000011
100000 000000000000 00090345100325490REGTIT30557784754861     0002020000005993455700000000002N           2  01000599345528041900000000106000000000099N180319000000000000000070000000000000000000000000000000000000000000000100003045760341EDICEIA SANTIAGO DE SOUSA               RUA ALAGOAS, 520 JUCARA IMPERATRIZ MA               65919170                                                            000012
100000 000000000000 00090345100325490REGTIT30558591543291     0002020000005940289P00000000002N           2  02000594028910031900000000100000000000099N021018000000000000000070000000000000000000000000000000000000000000000100017020662404CLAUDEMIRO ALVES DA SILVA               RUA: AURELINA DIAS DO NASCIMENTO, 25 COH            56300000                                                            000013
9                                                                                                                                                                                                                                                                                                                                                                                                         000014