01REMESSA01COBRANCA       00000000000004972103WC SISTEMAS E EQUIPAMENTOS DE 237BRADESCO       210319        MX0002644                                                                                                                                                                                                                                                                                     000001
100000 000000000000 00090345100240370REGTIT26441811070431     0002020000005954858400000000002N           2  02181107043130111800000000134800000000099N091118000000000000000200000000000000000000000000000000000000000000000222057131000148CWB COMERCIO DE ALIMENTOS LTDA EPP      RUA ALBERICO FLORES BUENO, 1805                     82820070                                                            000002
100000 000000000000 00090345100240370REGTIT26441812070431     0002020000005963945800000000002N           2  02181207043128121800000000239700000000099N061218000000000000000360000000000000000000000000000000000000000000000222057131000148CWB COMERCIO DE ALIMENTOS LTDA EPP      RUA ALBERICO FLORES BUENO, 1805                     82820070                                                            000003
100000 000000000000 00090345100240370REGTIT26441901070431     0002020000005973453100000000002N           2  02190107043130011900000000134800000000099N110119000000000000000200000000000000000000000000000000000000000000000222057131000148CWB COMERCIO DE ALIMENTOS LTDA EPP      RUA ALBERICO FLORES BUENO, 1805                     82820070                                                            000004
100000 000000000000 00090345100240370REGTIT26441902070431     0002020000005982214700000000002N           2  02190207043128021900000000134800000000099N080219000000000000000200000000000000000000000000000000000000000000000222057131000148CWB COMERCIO DE ALIMENTOS LTDA EPP      RUA ALBERICO FLORES BUENO, 1805                     82820070                                                            000005
9                                                                                                                                                                                                                                                                                                                                                                                                         000006