01REMESSA01COBRANCA       00000000000004852239ISPCN                         237BRADESCO       260319        MX0003127                                                                                                                                                                                                                                                                                     000001
100000 000000000000 00090345100325490REGTIT31271209408976     0002020000005947942600000000002N           2  02000594794210031900000000083340000000099N181018000000000000000060000000000000000000000000000000000000000000000100007796230451AUCILENE DE PAIVA LIMA SILVA            RUA 17, 36 RIO CORRENTE  PETROLINA  PE              56300000                                                            000002
100000 000000000000 00090345100325490REGTIT31272006849451     0002020000005976812600000000002N           2  02000597681210041900000000220000000000099N220119000000000000000370000000000000000000000000000000000000000000000100071196625387JOÃO MENDES PAURÁ                       CONJUNTO BEIJA FLOR, 33 QUADRA 19 BEIJA             67200000                                                            000003
100000 000000000000 00090345100325490REGTIT31272022265886     0002020000005995671200000000002N           2  01000599567126041900000000999000000000099N260319000000000000000670000000000000000000000000000000000000000000000100014501925809IVONE SANTOS SILVA E SILVA              RUA NEBRASKA, 112 PARQUE PARAISO  ITAPEC            06852590                                                            000004
100000 000000000000 00090345100325490REGTIT31272650639687     0002020000005995674700000000002N           2  01000599567401041900000000712710000000099N260319000000000000000480000000000000000000000000000000000000000000000100006576483961DIEGO PEREIRA SANTOS                    RUA PADRE JOSE LOPACINSKI, 218 BLOCO 03             81280080                                                            000005
100000 000000000000 00090345100325490REGTIT31272650639687     0002020000005995675500000000002N           2  01000599567508041900000000712710000000099N260319000000000000000480000000000000000000000000000000000000000000000100006576483961DIEGO PEREIRA SANTOS                    RUA PADRE JOSE LOPACINSKI, 218 BLOCO 03             81280080                                                            000006
100000 000000000000 00090345100325490REGTIT31273165171307     0002020000005949488300000000002N           2  02000594948826031900000000033340000000099N271018000000000000000020000000000000000000000000000000000000000000000100003051691496KEYLA CLECIA TEIXEIRA SALES             RUA PIO XII, 304 CENTRO  PETROLINA  PE              56300000                                                            000007
100000 000000000000 00090345100325490REGTIT31273339784666     0002020000005978836400000000002N           2  02000597883610031900000000037600000000099N060219000000000000000030000000000000000000000000000000000000000000000100003017134997LUCIA CRISTINA DA SILVA PERCILIANO      INDEPENDENCIA, 450 CENTRO OURIZONA PR               87170000                                                            000008
100000 000000000000 00090345100325490REGTIT31273785486688     0002020000005938017900000000002N           2  02000593801718031900000000058340000000099N190918000000000000000040000000000000000000000000000000000000000000000100002311440403IOLANDA LACERDA                         RUA ANA NERY, 190 CENTRO  PETROLINA  PE             56300000                                                            000009
100000 000000000000 00090345100325490REGTIT31273886433016     0002020000005976117200000000002N           2  02000597611717031900000000075400000000099N170119000000000000000050000000000000000000000000000000000000000000000100003017134997LUCIA CRISTINA DA SILVA PERCILIANO      INDEPENDENCIA, 450 CENTRO OURIZONA PR               87170000                                                            000010
100000 000000000000 00090345100325490REGTIT31273912186047     0002020000005976206300000000002N           2  02000597620625021900000000255550000000099N180119000000000000000170000000000000000000000000000000000000000000000100013319214810ELAINE CRISTINA CABRAL                  HERMES RIBEIRO DE FREITAS, 510 JARDIM EL            05793260                                                            000011
100000 000000000000 00090345100325490REGTIT31274416211379     0002020000005995678P00000000002N           2  01000599567810041900000000359950000000099N260319000000000000000240000000000000000000000000000000000000000000000100006945174964MARCUS VINICIUS DUDECKI                 CONCRIZ, 148 SAO BRAZ CURITIBA PR                   82315150                                                            000012
100000 000000000000 00090345100325490REGTIT31274416211379     0002020000005995679800000000002N           2  01000599567910051900000000359950000000099N260319000000000000000240000000000000000000000000000000000000000000000100006945174964MARCUS VINICIUS DUDECKI                 CONCRIZ, 148 SAO BRAZ CURITIBA PR                   82315150                                                            000013
100000 000000000000 00090345100325490REGTIT31274564012814     0002020000005995650P00000000002N           2  01000599565026041900000002496000000000099N260319000000000000001660000000000000000000000000000000000000000000000100028516430880MILENE CARDOSO DOS SANTOS               DA LIGAÇÃO, 18 A CHACARA CINCO ENES ITAP            06863800                                                            000014
100000 000000000000 00090345100325490REGTIT31274759960588     0002020000005995651800000000002N           2  01000599565126041900000000250000000000099N260319000000000000000170000000000000000000000000000000000000000000000100049987938884CAIO BRAINER XAVIER                     PRECIOSA, 42 PARQUE MONTE ALEGRE  TABOAO            06756170                                                            000015
100000 000000000000 00090345100325490REGTIT31274928989108     0002020000005918477900000000002N           2  02000591847720031900000000220000000000099N230718000000000000000150000000000000000000000000000000000000000000000100039754382824RENAN DA SILVA FERREIRA                 CLAUDIO MANOEL DA COSTA, 867 PARQUE OLAR            13458027                                                            000016
100000 000000000000 00090345100325490REGTIT31275635010744     0002020000005968963300000000002N           2  02000596896327031900000000028050000000099N271218000000000000000020000000000000000000000000000000000000000000000100004799468928EDINEIA DA SILVA                        VILA RURAL, 0 CENTRO OURIZONA PR                    87170000                                                            000017
100000 000000000000 00090345100325490REGTIT31275849431691     0002020000005947948500000000002N           2  02000594794817031900000000100000000000099N181018000000000000000070000000000000000000000000000000000000000000000100090247205400EVANITO JOAQUIM DA SILVA                AREA 21, S/N  PROJETO MARIA TEREZA  PETR            00000000                                                            000018
100000 000000000000 00090345100325490REGTIT31276263943343     0002020000005995677100000000002N           2  01000599567726041900000001980000000000099N260319000000000000001320000000000000000000000000000000000000000000000100094304092553ALFREDO JANIO MAGALHAES E SILVA         RUA BRILHANTE, 42 JD MUTINGA  OSASCO  SP            06286130                                                            000019
100000 000000000000 00090345100325490REGTIT31276799588170     0002020000005995673900000000002N           2  01000599567326041900000001720000000000099N260319000000000000001150000000000000000000000000000000000000000000000100025709523895REJANE NUNES DE OLIVEIRA                RUA OJINAGA, 123 JARDIM SAO JANUARIO SAO            05781270                                                            000020
100000 000000000000 00090345100325490REGTIT31276878949792     0002020000005995683600000000002N           2  01000599568326041900000000640000000000099N260319000000000000000430000000000000000000000000000000000000000000000100018119550889RICARDO ANDRE DA PENHA                  RUA RIO DE JANEIRO, 485 JARDIM SAO SALVA            06775390                                                            000021
100000 000000000000 00090345100325490REGTIT31277060896476     0002020000005918766200000000002N           2  02000591876624031900000000500000000000099N240718000000000000000330000000000000000000000000000000000000000000000100030921274807RAFAEL LOPES DE OLIVEIRA                JUSTINIANO CARRANZA, 24 JARDIM MITSUTANI            05791170                                                            000022
100000 000000000000 00090345100325490REGTIT31277501699394     0002020000005957494100000000002N           2  02000595749420031900000000439830000000099N161118000000000000000290000000000000000000000000000000000000000000000100004916250818BRAZ CHAGAS                             FOZ DO IGUACU, 67 JARDIM VALO VELHO ITAP            06856800                                                            000023
100000 000000000000 00090345100325490REGTIT31278466631894     0002020000005928337800000000002N           2  02000592833730031900000000100000000000099N230818000000000000000070000000000000000000000000000000000000000000000100054089387434CARMEM   LUCIA  DOS  SANTOS  SILVA      RUA  38, N 31 HENRIQUE  LEITE PETROLINA             56300000                                                            000024
100000 000000000000 00090345100325490REGTIT31279125736339     0002020000005966093700000000002N           2  02000596609320031900000000140000000000099N081218000000000000000090000000000000000000000000000000000000000000000100011229320814MARIA APARECIDA CABAL SICHELLI          SEBASTIAO BENEDITO DO AMARAL, 537 VILA L            13450395                                                            000025
100000 000000000000 00090345100325490REGTIT31279760491392     0002020000005995669000000000002N           2  01000599566922041900000001168000000000099N260319000000000000000780000000000000000000000000000000000000000000000262526801000142HORT MAIS  DE PIRACICABA                BENJAMIN CONSTANT, 1668 CENTRO PIRACICAB            13400056                                                            000026
100000 000000000000 00090345100325490REGTIT31279782520362     0002020000005920866P00000000002N           2  02000592086612031900000000230000000000099N070818000000000000000150000000000000000000000000000000000000000000000100036046207835SONIA THEODORO GIL                      GENERAL COUTO MAGALHAES, 236 31 DE MARCO            13453135                                                            000027
9                                                                                                                                                                                                                                                                                                                                                                                                         000028