01REMESSA01COBRANCA       00000000000004852239ISPCN                         237BRADESCO       260319        MX0003118                                                                                                                                                                                                                                                                                     000001
100000 000000000000 00090345100325490REGTIT31181397749247     0002020000005992731300000000002N           2  01000599273125051900000000250000000000099N130319000000000000000170000000000000000000000000000000000000000000000100005594531912AINE LEDI EVANGELISTA                   FRANCISCO LEAL, 500 CASA 11 VILA SAO CRI            83301700                                                            000002
100000 000000000000 00090345100325490REGTIT31181437375479     0002020000005986104500000000002N           2  01000598610425051900000000410000000000099N260219000000000000000270000000000000000000000000000000000000000000000100000643900802FRANCISCA ANTONIA DE JESUS              TRES, 15 VILA MANGALOT SAO PAULO SP                 05135030                                                            000003
100000 000000000000 00090345100325490REGTIT31181494497197     0002020000005958007000000000002N           2  01000595800725051900000000100000000000099N211118000000000000000070000000000000000000000000000000000000000000000100004963241951THIAGO PACHECO DE LIMA                  CESAR CARELLI, 274-5 CASA  IGUACU FAZEND            83833477                                                            000004
100000 000000000000 00090345100325490REGTIT31181498430019     0002020000005899541200000000002N           2  01000589954125051900000000390000000000099N240518000000000000000650000000000000000000000000000000000000000000000100005084682137THAISSA RIBEIRO DA SILVA                GERALDO MAGELA DOS SANTOS, 774 CASA JARD            79750000                                                            000005
100000 000000000000 00090345100325490REGTIT31181514712493     0002020000005966715P00000000002N           2  01000596671525051900000000130000000000099N121218000000000000000090000000000000000000000000000000000000000000000100033539344802JOSÉ DINIZ CORREIA                      VITORIANO DE OLIVEIRA, 997 JARDIM MITSUT            05791280                                                            000006
100000 000000000000 00090345100325490REGTIT31181674997611     0002020000005960402600000000002N           2  01000596040225051900000000250000000000099N051218000000000000000170000000000000000000000000000000000000000000000100043718563819VENICIO FRANCA PAIXÃO                   JORGE RODRIGUES PASCOALINE, 309 JARDIM R            06780120                                                            000007
100000 000000000000 00090345100325490REGTIT31181683602192     0002020000005926171400000000002N           2  01000592617125051900000000140000000000099N100818000000000000000190000000000000000000000000000000000000000000000100080639445853EZEQUIEL UZIAS CESAR                    ESTRADA SERRA DO JAIRE, 100 CASA MONTE S            06685399                                                            000008
100000 000000000000 00090345100325490REGTIT31181785677543     0002020000005977765600000000002N           2  01000597776525051900000000071000000000099N290119000000000000000050000000000000000000000000000000000000000000000100029651980168CLEONICE ROCHA DOS SANTOS               QR 615 COJ 10 CASA 20, 20 SAMAMBAIA NORT            72000000                                                            000009
100000 000000000000 00090345100325490REGTIT31181812779783     0002020000005978804600000000002N           2  01000597880425051900000000140000000000099N060219000000000000000090000000000000000000000000000000000000000000000100014229587287EUNICE DE ARAUJO PINTO                  ALAGOAS, 110 JUCARA IMPERATRIZ MA                   65919170                                                            000010
100000 000000000000 00090345100325490REGTIT31181915056001     0002020000005993483200000000002N           2  01000599348325051900000000090000000000099N180319000000000000000060000000000000000000000000000000000000000000000100071731954387ARLINDO HOLANDA DA SILVA JUNIOR         RUA ALAGOAS, 520 JUCARA IMPERATRIZ MA               65919170                                                            000011
100000 000000000000 00090345100325490REGTIT31182003755643     0002020000005994238P00000000002N           2  02000599423820041900000000700000000000099N210319000000000000000470000000000000000000000000000000000000000000000203846642000285JATINOX                                 AVENIDA DOS PINHEIRAIS, 2209 CAPELA VELH            83705570                                                            000012
100000 000000000000 00090345100325490REGTIT31182011209647     0002020000005995576700000000002N           2  01000599557629031900000000060000000000099N260319000000000000000040000000000000000000000000000000000000000000000100003026727962ISMAEL CORATO DO CARMO                  RIO TIBAGI, 979 WEISSOPOLIS PINHAIS PR              83322200                                                            000013
100000 000000000000 00090345100325490REGTIT31182048696879     0002020000005978718P00000000002N           2  01000597871825051900000000130000000000099N060219000000000000000090000000000000000000000000000000000000000000000100006413378255JOICY BATISTA PINA                      ALAGOAS, 520A JUCARA IMPERATRIZ MA                  65919170                                                            000014
100000 000000000000 00090345100325490REGTIT31182107873447     0002020000005994237100000000002N           2  02000599423720041900000000700000000000099N210319000000000000000470000000000000000000000000000000000000000000000203846642000285JATINOX                                 AVENIDA DOS PINHEIRAIS, 2209 CAPELA VELH            83705570                                                            000015
100000 000000000000 00090345100325490REGTIT31182133733096     0002020000005930337900000000002N           2  01000593033725051900000000310000000000099N030918000000000000000210000000000000000000000000000000000000000000000100011599007878ROSANA SANTOS DE TORRES                 OVIDIO LOPES GUIMARAES, 96 CASA 02 JARDI            05795270                                                            000016
100000 000000000000 00090345100325490REGTIT31182260040417     0002020000005993124800000000002N           2  01000599312425051900000000116670000000099N150319000000000000000080000000000000000000000000000000000000000000000100005028163928VIVIANE DE OLIVEIRA                     RUA BONIFACIO KAIUTE, 125 ESTAÇAO ARAUCA            83705176                                                            000017
100000 000000000000 00090345100325490REGTIT31182288989312     0002020000005978546200000000002N           2  01000597854625051900000000120000000000099N050219000000000000000080000000000000000000000000000000000000000000000100002802690213GLAUCIENE DIAS ALVES PADILHA            DOIS DE JULHO, 07 QUADRA 14 A TAPANA (IC            66833810                                                            000018
100000 000000000000 00090345100325490REGTIT31182304707330     0002020000005984729800000000002N           2  01000598472925051900000000138730000000099N130219000000000000000090000000000000000000000000000000000000000000000100016765264809ADAUTO MORENO GREGO                     MATO GROSSO, 63 SANTA LUZIA RIBEIRAO PIR            09430510                                                            000019
100000 000000000000 00090345100325490REGTIT31182547616817     0002020000005994353P00000000002N           2  01000599435325051900000000470000000000099N210319000000000000000310000000000000000000000000000000000000000000000100037011636854SARA PIRES DE OLIVEIRA                  RUA JUVENAL FAUSTINO DE MELO, 441 JARDIM            06604090                                                            000020
100000 000000000000 00090345100325490REGTIT31182653545956     0002020000005994988000000000002N           2  01000599498825051900000000200000000000099N220319000000000000000130000000000000000000000000000000000000000000000100000276938135MARIA TEIXEIRA DO NASCIMENTO ALVES      JOAO LINDOS DO SANTOS, 00 CASCATINHA UM             79170000                                                            000021
100000 000000000000 00090345100325490REGTIT31182705264948     0002020000005984344600000000002N           2  01000598434425051900000000200000000000099N120219000000000000000130000000000000000000000000000000000000000000000100001444259202GECIVALDO MAGALHAES                     VICINAL 115 SUL, S|N ZONA RURAL  MEDICIL            68145000                                                            000022
100000 000000000000 00090345100325490REGTIT31182731800331     0002020000005995557000000000002N           2  01000599555725051900000000122500000000099N250319000000000000000080000000000000000000000000000000000000000000000100000460921100ALEX FRANCO LOPES                       QR 417 CONJ 11 CASA 09, 09 NORTE BRASILI            72000000                                                            000023
100000 000000000000 00090345100325490REGTIT31182755942828     0002020000005995367500000000002N           2  01000599536725051900000000130330000000099N250319000000000000000090000000000000000000000000000000000000000000000100070316945153ROZILDA DE SOUSA LEITE                  QR 415 CONJ 02 LOTE 28 AP 302, 302 SAMAM            72000000                                                            000024
100000 000000000000 00090345100325490REGTIT31182784993366     0002020000005968562P00000000002N           2  01000596856225051900000000220000000000099N241218000000000000000150000000000000000000000000000000000000000000000100006067649845IVONETE APARECIDA BUNEO CESAR           EUZEBIO JORGE DA SILVA, 19 RESIDENCIAL F            13451174                                                            000025
100000 000000000000 00090345100325490REGTIT31182836253171     0002020000005977503300000000002N           2  01000597750325051900000000317000000000099N250119000000000000000210000000000000000000000000000000000000000000000100007575582916DIEGO ATILIO BRONQUETTI                 TEREZA DOS SANTOS ROCHA, 256 LOTEAMENTO             83508587                                                            000026
100000 000000000000 00090345100325490REGTIT31182840809246     0002020000005948554P00000000002N           2  01000594855425051900000000190000000000099N221018000000000000000130000000000000000000000000000000000000000000000100037209222863ALEXANDRE MARQUES VIANA                 MARABAS, 691 BL 3 AP 23 JARDIM ARCO-ÍRIS            06719020                                                            000027
100000 000000000000 00090345100325490REGTIT31182849191278     0002020000005993511100000000002N           2  01000599351125051900000000075000000000099N180319000000000000000050000000000000000000000000000000000000000000000100005121115377ANGELA MARIA PEREIRA DE OLIVEIRA        RUA ALAGOAS, 520 JUCARA IMPERATRIZ MA               65919170                                                            000028
100000 000000000000 00090345100325490REGTIT31182870088033     0002020000005992788700000000002N           2  01000599278825051900000000333330000000099N130319000000000000000220000000000000000000000000000000000000000000000100013029323811MARTA DE ALMEIDA MARINHO                AZINHAL, 8 COJUNTO HABITACIONAL JARDIM S            05886480                                                            000029
100000 000000000000 00090345100325490REGTIT31182932116087     0002020000005938849800000000002N           2  01000593884925051900000000130000000000099N240918000000000000000090000000000000000000000000000000000000000000000100004338244410GLEYSON PERES DA SILVA                  DOZE DE JANEIRO, 75 VASCO DA GAMA RECIFE            52280525                                                            000030
100000 000000000000 00090345100325490REGTIT31182958873261     0002020000005978650700000000002N           2  01000597865025051900000000100000000000099N060219000000000000000070000000000000000000000000000000000000000000000100002748400224LUCINEIDE DA NATIVIDADE                 ALAGOAS, 520A JUCARA IMPERATRIZ MA                  65919170                                                            000031
100000 000000000000 00090345100325490REGTIT31182964510520     0002020000005985945800000000002N           2  01000598594525051900000000182000000000099N250219000000000000000120000000000000000000000000000000000000000000000100006601174521JOSE SIMAO RIBEIRO ALVES                AVENIDA PAPILIO MENDES, 2177 CASA CENTRO            47800000                                                            000032
100000 000000000000 00090345100325490REGTIT31183045644971     0002020000005947932900000000002N           2  01000594793225051900000000490000000000099N181018000000000000000330000000000000000000000000000000000000000000000100027966456811LUCIANO RODRIGUES GARCIA MORENO         JOSE MENDES FERREIRA, 158 VILA REGINA EM            06810700                                                            000033
100000 000000000000 00090345100325490REGTIT31183233908311     0002020000005928855800000000002N           2  01000592885525051900000000309000000000099N270818000000000000000210000000000000000000000000000000000000000000000100006290583859JOSE SIDNEY POTECHI                     ESTRADA XV, 92 SANTA IZABEL PIRACICABA S            13428000                                                            000034
100000 000000000000 00090345100325490REGTIT31183281007856     0002020000005940886300000000002N           2  01000594088625051900000000133330000000099N041018000000000000000090000000000000000000000000000000000000000000000100040071184856LUCAS LIMA DE SOUSA                     CELSO CUNHA, 14 JARDIM UMUARAMA SAO PAUL            05783171                                                            000035
100000 000000000000 00090345100325490REGTIT31183442777730     0002020000005958337100000000002N           2  01000595833725051900000000400000000000099N221118000000000000000270000000000000000000000000000000000000000000000100040881255840MIRIA CARDOSO TRINDADE                  ALBERTO JOSE, 450 JARDIM SALETE TABOAO D            06787370                                                            000036
100000 000000000000 00090345100325490REGTIT31183501358036     0002020000005978677900000000002N           2  01000597867725051900000000087500000000099N060219000000000000000060000000000000000000000000000000000000000000000100089541197272JANAINA CONCEIÇÃO DE MENEZES ANJOS MOURAALAGOAS, 520A JUCARA IMPERATRIZ MA                  65919170                                                            000037
100000 000000000000 00090345100325490REGTIT31183562745079     0002020000005929888P00000000002N           2  01000592988825051900000000250000000000099N300818000000000000000170000000000000000000000000000000000000000000000100039851050814MAYKON CESÁRIO DE OLIVEIRA              ASTURICA, 27 JARDIM MITSUTANI SAO PAULO             05791030                                                            000038
100000 000000000000 00090345100325490REGTIT31183583709609     0002020000005928865500000000002N           2  01000592886525051900000000200000000000099N270818000000000000000130000000000000000000000000000000000000000000000100029215482830ELDA MARIA M. DE SOUZA                  CAJA, 46 JARDIM RESIDENCIAL JAVARY I PIR            13408123                                                            000039
100000 000000000000 00090345100325490REGTIT31183789051915     0002020000005949197300000000002N           2  01000594919725051900000000150000000000099N251018000000000000000100000000000000000000000000000000000000000000000100005124264810BEATRIZ DE FATIMA PORFIRIO DA SILVA ALVEDOS CORAIS BL. A AP. 22, 139 JD. BELA VI            13471211                                                            000040
100000 000000000000 00090345100325490REGTIT31183857265880     0002020000005949207400000000002N           2  01000594920725051900000000218000000000099N251018000000000000000150000000000000000000000000000000000000000000000100005124264810BEATRIZ DE FATIMA PORFIRIO DA SILVA ALVEDOS CORAIS BL. A AP. 22, 139 JD. BELA VI            13471211                                                            000041
100000 000000000000 00090345100325490REGTIT31184053339933     0002020000005985126000000000002N           2  01000598512621051900000001780000000000099N160219000000000000001190000000000000000000000000000000000000000000000216422558000103SR BUSINESS                             RIO SAO FRANCISCO, 660 WEISSOPOLIS PINHA            83322020                                                            000042
100000 000000000000 00090345100325490REGTIT31184106941545     0002020000005994360200000000002N           2  01000599436025051900000000264000000000099N210319000000000000000180000000000000000000000000000000000000000000000100048107400801ALAN BERNARDINO DA SILVA                ANTONIO JULIO DOS SANTOS, 196 PARAISOPOL            05661020                                                            000043
100000 000000000000 00090345100325490REGTIT31184147350365     0002020000005939526500000000002N           2  01000593952625051900000000095000000000099N270918000000000000000060000000000000000000000000000000000000000000000100006445261493IRACI PAULA DA SILVA                    RUA RIO PONTAL, 26 JOSE MARIA  PETROLINA            56300000                                                            000044
100000 000000000000 00090345100325490REGTIT31184153540229     0002020000005958292800000000002N           2  01000595829225051900000000642000000000099N221118000000000000000430000000000000000000000000000000000000000000000100025637335885ROSENILDA DE MELLO ALMEIDA GARCIA       VIRGILIO BENTO DE QUEIROZ, 323 JARDIM RE            06783200                                                            000045
100000 000000000000 00090345100325490REGTIT31184361202965     0002020000005937206000000000002N           2  01000593720625051900000000581210000000099N130918000000000000000390000000000000000000000000000000000000000000000100002487830506MARIO CÉSAR VARNEIRO DE SANTANA         LUIS CARLOS DE MOURA CAMPOS, 322 JARDIM             05797390                                                            000046
100000 000000000000 00090345100325490REGTIT31184455260468     0002020000005987623900000000002N           2  01000598762325051900000000118000000000099N120319000000000000000080000000000000000000000000000000000000000000000100015482169847ISABEL CRISTINA DOS REIS NOGUEIRA       ARISTEU VALENTE, 338 CENTRO NOVA ODESSA             13460970                                                            000047
100000 000000000000 00090345100325490REGTIT31184507665029     0002020000005994338600000000002N           2  01000599433825051900000000062500000000099N210319000000000000000040000000000000000000000000000000000000000000000100060731003373RUANA TAYNA NASCIMENTO LIMA             RUA ALAGOAS, 520A JUCARA IMPERATRIZ MA              65919170                                                            000048
100000 000000000000 00090345100325490REGTIT31184547027411     0002020000005948202800000000002N           2  01000594820225051900000000260000000000099N191018000000000000000170000000000000000000000000000000000000000000000100025876634824RITA DE CASSIA OLIVEIRA NASCIMENTO      GRAÇA MARTINS, 43 APTO. 21 CENTRO SANTA             13450000                                                            000049
100000 000000000000 00090345100325490REGTIT31184660486173     0002020000005949094200000000002N           2  01000594909425051900000000300000000000099N251018000000000000000200000000000000000000000000000000000000000000000100096277785834ANTONIO BENEVIDES M PRADO               ENEIDE BOCATTO DE BARROS, 74 JARDIM VIST            13458584                                                            000050
100000 000000000000 00090345100325490REGTIT31184858723618     0002020000005959033500000000002N           2  01000595903325051900000000080000000000099N271118000000000000000130000000000000000000000000000000000000000000000100096172800949REGINA SALETE DE OLIVEIRA REVENDEDORA   RUA RAFAEL ARCANJO MACHADO, 420 UBERABA             81570370                                                            000051
100000 000000000000 00090345100325490REGTIT31184961729380     0002020000005946470400000000002N           2  01000594647025051900000000100000000000099N081018000000000000000070000000000000000000000000000000000000000000000100040071184856LUCAS LIMA DE SOUSA                     CELSO CUNHA, 14 JARDIM UMUARAMA SAO PAUL            05783171                                                            000052
100000 000000000000 00090345100325490REGTIT31184970323468     0002020000005946431300000000002N           2  01000594643125051900000000560000000000099N081018000000000000000370000000000000000000000000000000000000000000000100022633678882MAIRA POETA                             INACIO ANTONIO APT- 11, 857 CENTRO SANTA            13450021                                                            000053
100000 000000000000 00090345100325490REGTIT31185034569497     0002020000005931298P00000000002N           2  01000593129825051900000000100000000000099N060918000000000000000070000000000000000000000000000000000000000000000100003103070900ANDRE RICARDO DOMINGOS - DIRECAR        R.PROF. KLODI JANE ASSIS, 540 SITIO CERC            81925130                                                            000054
100000 000000000000 00090345100325490REGTIT31185072772668     0002020000005939067000000000002N           2  01000593906725051900000000135000000000099N250918000000000000000090000000000000000000000000000000000000000000000100009484875939LETICIA RITIELLE RIBEIRO DA SILVA       JOANA DOLLO, 142 JARDIM BRASILIA AMERICA            13468760                                                            000055
100000 000000000000 00090345100325490REGTIT31185140268959     0002020000005928709800000000002N           2  01000592870925051900000000500000000000099N250818000000000000000330000000000000000000000000000000000000000000000100007920173906ISABELA BLAN DA SILVA PATRICIO          CALONDELA, 522 CASA VILA SANTA MARIA PIR            83306350                                                            000056
100000 000000000000 00090345100325490REGTIT31185148746205     0002020000005898423200000000002N           2  01000589842325051900000000300000000000099N190518000000000000000200000000000000000000000000000000000000000000000100025302434920ANTONIO TADEU NICHELE                   SOMBREIRO, 185 EUCALIPTOS III FAZENDA RI            81820000                                                            000057
100000 000000000000 00090345100325490REGTIT31185222133240     0002020000005951105200000000002N           2  01000595110525051900000000254000000000099N071118000000000000000170000000000000000000000000000000000000000000000100099224720820ADEMILSON FERREIRA DE ARAUJO            VICENTE PEREIRA, 614 PARQUE MARABA TABOA            06766020                                                            000058
100000 000000000000 00090345100325490REGTIT31185362014563     0002020000005985121P00000000002N           2  01000598512120051900000001780000000000099N160219000000000000001190000000000000000000000000000000000000000000000216422558000103SR BUSINESS                             RIO SAO FRANCISCO, 660 WEISSOPOLIS PINHA            83322020                                                            000059
100000 000000000000 00090345100325490REGTIT31185366252006     0002020000005986253P00000000002N           2  01000598625325051900000000220000000000099N270219000000000000000150000000000000000000000000000000000000000000000100033566222852ANDRE DOS SANTOS SILVA                  AMADOR BUENO, 55 CASA DE CIMA AMADOR BUE            06680220                                                            000060
100000 000000000000 00090345100325490REGTIT31185389947249     0002020000005956745700000000002N           2  01000595674525051900000000530000000000099N121118000000000000000350000000000000000000000000000000000000000000000100004103946881LUIS CARLOS DA SILVA                    ABILHEIRA, 483 JARDIM MITSUTANI SAO PAUL            05791020                                                            000061
100000 000000000000 00090345100325490REGTIT31185423878468     0002020000005978970000000000002N           2  01000597897025051900000000345000000000099N070219000000000000000230000000000000000000000000000000000000000000000100037893495855JOSIANE SIMÃO DOS SANTOS                PETRONIO PORTELLA, 86 31 DE MARÇO SANTA             13453215                                                            000062
100000 000000000000 00090345100325490REGTIT31185476611260     0002020000005927310000000000002N           2  01000592731025051900000000355000000000099N170818000000000000000240000000000000000000000000000000000000000000000100032866498801VIVIANE DE PAULA BATISTA                ALAGOAS, 254 VILA GREGO SBO SP                      13450000                                                            000063
100000 000000000000 00090345100325490REGTIT31185486970937     0002020000005976369800000000002N           2  01000597636925051900000000450000000000099N200119000000000000001200000000000000000000000000000000000000000000000100006319035935ANDREA  SOARES LOTH                     GERHARD VON SCHEIDT, 1697 CASA GUARITUBA            83311307                                                            000064
100000 000000000000 00090345100325490REGTIT31185537079709     0002020000005985822200000000002N           2  01000598582225051900000000140000000000099N230219000000000000000090000000000000000000000000000000000000000000000100022054926833ADRIANO HENRIQUE DE CARVALHO            JOAO SILVEIRA ROSA, 201 JD PAULISTA SBO             13450000                                                            000065
100000 000000000000 00090345100325490REGTIT31185548949158     0002020000005975694200000000002N           2  01000597569425051900000000154000000000099N150119000000000000000100000000000000000000000000000000000000000000000100038258352865JANAINA C DOS SANTOS                    ENEIDE BOCATTO DE BARROS, 263 JARDIM VIS            13458584                                                            000066
100000 000000000000 00090345100325490REGTIT31185598101665     0002020000005984311P00000000002N           2  01000598431125051900000000200000000000099N120219000000000000000130000000000000000000000000000000000000000000000100099751275253WILIAN SANTOS OLIVEIRA                  TRAVESSAO 130 NORTE, S|N ZONA RURAL  MED            68145000                                                            000067
100000 000000000000 00090345100325490REGTIT31185610784780     0002020000005985844300000000002N           2  01000598584425051900000000200000000000099N230219000000000000000130000000000000000000000000000000000000000000000100039871975104ANANIAS BARBOSA DA SILVA CARNEIRO       QR 411 CONJ 06 CASA 02, 02 NORTE BRASILI            72000000                                                            000068
100000 000000000000 00090345100325490REGTIT31185712640823     0002020000005969111500000000002N           2  01000596911125051900000000145000000000099N281218000000000000000100000000000000000000000000000000000000000000000100007027799383AMANDA COSTA DE OLIVEIRA                DO CRUZEIRO, 5 CRUZEIRO  BELEM  PA                  66810010                                                            000069
100000 000000000000 00090345100325490REGTIT31185743571408     0002020000005949480800000000002N           2  01000594948025051900000000123900000000099N271018000000000000000080000000000000000000000000000000000000000000000100036623832840LAIS CRISTINA RODRIGUES                 ANTONIO BERNARDES RANGEL, 165 VILA BÉTIC            13450000                                                            000070
100000 000000000000 00090345100325490REGTIT31185901909780     0002020000005918628300000000002N           2  02000591862825051900000000400000000000099N240718000000000000000270000000000000000000000000000000000000000000000100045319191812LEANDRO JOSÉ SILVA JUNIOR               ALVORADA, 156 JARDIM RECORD TABOAO DA SE            06784080                                                            000071
100000 000000000000 00090345100325490REGTIT31185946427339     0002020000005907934700000000002N           2  01000590793425051900000000370000000000099N120618000000000000000250000000000000000000000000000000000000000000000100039234163850CLEIDE LIMA CORREIA                     ANIZ DOCE, 61 CONJUNTO HABITACIONAL INST            05868710                                                            000072
100000 000000000000 00090345100325490REGTIT31185998789945     0002020000005947775P00000000002N           2  01000594777525051900000000420000000000099N171018000000000000000280000000000000000000000000000000000000000000000100002292266806JORGE FERREIRA SANTOS                   COLEIRINHA (COND VARGEM GRANDE), 16 COLO            04895260                                                            000073
100000 000000000000 00090345100325490REGTIT31186030086340     0002020000005948189700000000002N           2  01000594818925051900000000319000000000099N191018000000000000000210000000000000000000000000000000000000000000000100011970447877ESMERALDA F S SILVA                     IGNACIO PINTO DE CAMPOS, APTO 33 A BLO 8            13450000                                                            000074
100000 000000000000 00090345100325490REGTIT31186195224788     0002020000005986829500000000002N           2  01000598682925051900000000474000000000099N080319000000000000000320000000000000000000000000000000000000000000000100089550463400JOSÉ CLAUDIO FELIZ DA SILVA             DEZOITO DE JULHO, 3 A VILA REAL DO MOINH            06805315                                                            000075
100000 000000000000 00090345100325490REGTIT31186369669408     0002020000005984339P00000000002N           2  01000598433925051900000000143330000000099N120219000000000000000100000000000000000000000000000000000000000000000100000639628290BRUNA DE SOUZA                          VICINAL115 SUL, 11 ZONA RURAL  MEDICILAN            68145000                                                            000076
100000 000000000000 00090345100325490REGTIT31186410096362     0002020000005959519100000000002N           2  01000595951925051900000000250000000000099N291118000000000000000170000000000000000000000000000000000000000000000100087751070900PEDRO GONCALVES SIQUEIRA                RUA CAPITAO CARLOS HENRIQUE DE CASTRO, 6            83303270                                                            000077
100000 000000000000 00090345100325490REGTIT31186535484467     0002020000005970263P00000000002N           2  01000597026325051900000000120000000000099N100119000000000000000080000000000000000000000000000000000000000000000100097211605200KELLE DAIANA CARDOSO GONDIN             BIANCA - QUARDA 27, 33 PRATINHA 2 (ICOAR            66816203                                                            000078
100000 000000000000 00090345100325490REGTIT31186542719006     0002020000005939286P00000000002N           2  01000593928625051900000000517510000000099N260918000000000000000350000000000000000000000000000000000000000000000100034478343829ELIANE NOVAIS DA SILVA                  DAS FOLHAS (VL ESPERANCA), 62 MONTANHAO             09783470                                                            000079
100000 000000000000 00090345100325490REGTIT31186899935321     0002020000005926972300000000002N           2  01000592697225051900000000180000000000099N150818000000000000000120000000000000000000000000000000000000000000000100041072315858VITORIA R DAMAS DA SILVA                RUA ROMARIO FRANCHI, 335 LINOPOLIS SANTA            13450000                                                            000080
100000 000000000000 00090345100325490REGTIT31187005816151     0002020000005938565000000000002N           2  01000593856525051900000000148960000000099N220918000000000000000100000000000000000000000000000000000000000000000100000689672926PATRICIA ALVES                          ITARARE, 759 CENTRO  OURIZONA PR                    87170000                                                            000081
100000 000000000000 00090345100325490REGTIT31187011057018     0002020000005916965600000000002N           2  01000591696525051900000000242000000000099N120718000000000000000160000000000000000000000000000000000000000000000100004772292128JESSICA MARQUES MARTINS                 QB23 LT, 05 APTO203 MANSSOES POR DO SOL             72915442                                                            000082
100000 000000000000 00090345100325490REGTIT31187122917580     0002020000005967909300000000002N           2  01000596790925051900000000190000000000099N191218000000000000000130000000000000000000000000000000000000000000000100038302983829HELIO JOAQUIM OLIVEIRA                  DA ALEGRIA, 95 JARDIM VISTA ALEGRE SANTA            13458586                                                            000083
100000 000000000000 00090345100325490REGTIT31187344262214     0002020000005985997000000000002N           2  01000598599725051900000001500000000000099N260219000000000000001000000000000000000000000000000000000000000000000100006613465950MARIA FERNANDA UADY ALVES DE CARVALHO   PADRE JOSE KENTENICH, 900 CASA 02 CAMPO             81210342                                                            000084
100000 000000000000 00090345100325490REGTIT31187437017663     0002020000005985343300000000002N           2  01000598534325051900000000470000000000099N190219000000000000000310000000000000000000000000000000000000000000000100029468424871LEANDRO PEREIRA WODZIK                  ARMANDO ERSE FIGUEIREDO, 104 CASA 01 JAR            05785020                                                            000085
100000 000000000000 00090345100325490REGTIT31187456666856     0002020000005977755900000000002N           2  01000597775525051900000000279000000000099N290119000000000000000190000000000000000000000000000000000000000000000100032754872809ERIKA FERREIRA DOS SANTOS               COELHO NETO, 136 JARDIM PARAISO SANTA BA            13457055                                                            000086
100000 000000000000 00090345100325490REGTIT31187671334710     0002020000005948308300000000002N           2  01000594830825051900000000223000000000099N201018000000000000000150000000000000000000000000000000000000000000000100005133202881FERNANDO MARINO                         BATISTA PIO, 242 JD CONCEIÇÃO SANTA BARB            13450000                                                            000087
100000 000000000000 00090345100325490REGTIT31187686478814     0002020000005969974400000000002N           2  01000596997425051900000000210000000000099N090119000000000000000140000000000000000000000000000000000000000000000100015565375819NILSON GARCIA DA COSTA                  ATOR, 202 CHACARAS MARIA ALICE EMBU SP              06815460                                                            000088
100000 000000000000 00090345100325490REGTIT31187746064845     0002020000005928248700000000002N           2  01000592824825051900000000070000000000099N230818000000000000000050000000000000000000000000000000000000000000000100031787410544ANISIO DIAS FERREIRA                    08, 90 SÃO GONÇALO 02 PETROLINA  PE                 00000000                                                            000089
100000 000000000000 00090345100325490REGTIT31187780336518     0002020000005977429000000000002N           2  01000597742925051900000000160000000000099N250119000000000000000110000000000000000000000000000000000000000000000100022964179816PATRICIA FERNANDA FERRAZ TAKEUCHI       MALASIA, 115 PARQUE DAS NACOES AMERICANA            13470060                                                            000090
100000 000000000000 00090345100325490REGTIT31187817320517     0002020000005967283800000000002N           2  01000596728325051900000000264400000000099N151218000000000000000180000000000000000000000000000000000000000000000100074761765968ELIETE MARIA GELASKO                    ESTR. DO CERNE, KM34 BATEIAS CAMPO LARGO            83648000                                                            000091
100000 000000000000 00090345100325490REGTIT31187823465300     0002020000005986989500000000002N           2  01000598698925051900000000145550000000099N090319000000000000000100000000000000000000000000000000000000000000000100000689672926PATRICIA ALVES                          ITARARE, 759 CENTRO  OURIZONA PR                    87170000                                                            000092
100000 000000000000 00090345100325490REGTIT31187921308312     0002020000005916711400000000002N           2  01000591671125051900000000250000000000099N110718000000000000000170000000000000000000000000000000000000000000000100005543357516ADRIANO AVELINO DA CRUZ                 URSA MAIOR, 156 JARDIM DO COLEGIO EMBU S            06815420                                                            000093
100000 000000000000 00090345100325490REGTIT31187995773719     0002020000005995568600000000002N           2  01000599556826041900000000088850000000099N260319000000000000000060000000000000000000000000000000000000000000000100059914564968DOMINGAS BARBOSA SANTIAGO               BELA VISTA, 1603 CENTRO OURIZONA PR                 87170000                                                            000094
100000 000000000000 00090345100325490REGTIT31188090870492     0002020000005976886P00000000002N           2  01000597688625051900000000170000000000099N230119000000000000000110000000000000000000000000000000000000000000000100027379560808ROSALVA LIMA MONTEIRO                   GENERAL OSÓRIO, 237 CENTRO SANTA BÁRBARA            13450000                                                            000095
100000 000000000000 00090345100325490REGTIT31188146008377     0002020000005966343P00000000002N           2  01000596634325051900000000100000000000099N101218000000000000000070000000000000000000000000000000000000000000000100001725597900ADENILSON LORKIEVICZ                    SAO TEOFILO, 372 SANTA TEREZINHA FAZENDA            83829060                                                            000096
100000 000000000000 00090345100325490REGTIT31188156632454     0002020000005918906100000000002N           2  01000591890625051900000000500000000000099N250718000000000000000330000000000000000000000000000000000000000000000100004194554507DAVID JOSE LAPA DOS SANTOS              LUIZ ANTONIO DE ANDRADE VIEIRA, 331 JARD            06783280                                                            000097
100000 000000000000 00090345100325490REGTIT31188156803150     0002020000005994603200000000002N           2  01000599460325051900000000162500000000099N220319000000000000000110000000000000000000000000000000000000000000000100001589643224LEILA ARAUJO BRANDÃO                    ROODOVIA TRANZAMAZONICA, S|N KM 240FAIXA            68485000                                                            000098
100000 000000000000 00090345100325490REGTIT31188175989252     0002020000005960327500000000002N           2  01000596032725051900000000390000000000099N041218000000000000000260000000000000000000000000000000000000000000000100028489890846ANDREIA VERGILIA DE SIQUEIRA OLIVEIRA   RAUL LINO, 17 JARDIM SAO BENTO NOVO SAO             05872130                                                            000099
100000 000000000000 00090345100325490REGTIT31188207279956     0002020000005917539700000000002N           2  01000591753925051900000000150000000000099N170718000000000000000100000000000000000000000000000000000000000000000100042689498871LEANDRO VIEIRA DE OLIVEIRA              MIGUEL DOS SANTOS PELEGRINO, 565 JARDIM             06783040                                                            000100
100000 000000000000 00090345100325490REGTIT31188273184378     0002020000005801321000000000002N           2  01000580132125051900000000100000000000099N031017000000000000000070000000000000000000000000000000000000000000000100035103081822RENATO MONTEIRO PEREIRA                 ESTRADA SÃO MARCOS, 195 CASA 03 CHACARAS            06814010                                                            000101
100000 000000000000 00090345100325490REGTIT31188385801493     0002020000005949188400000000002N           2  01000594918825051900000000160000000000099N251018000000000000000110000000000000000000000000000000000000000000000100009585879816CONCEIÇAO AP FERREIRA PADILHA           DO TRIGO, 264 JARDIM PEROLA SANTA BARBAR            13454204                                                            000102
100000 000000000000 00090345100325490REGTIT31188494238692     0002020000005994125100000000002N           2  01000599412525051900000000133330000000099N200319000000000000000090000000000000000000000000000000000000000000000100096539240287KEILA ARAUJO BRANDÃO                    RODOVIA TRANSAMAZONICA, S|N ZONA RURAL              68485000                                                            000103
100000 000000000000 00090345100325490REGTIT31188541970422     0002020000005978266800000000002N           2  01000597826625051900000000760000000000099N020219000000000000000510000000000000000000000000000000000000000000000100013576288899ADÃO BENTO DE SOUZA                     PANTANAL, 34 JARDIM CASTILHO  EMBU DAS A            06810045                                                            000104
100000 000000000000 00090345100325490REGTIT31188657258103     0002020000005968902100000000002N           2  01000596890225051900000000340000000000099N271218000000000000000230000000000000000000000000000000000000000000000100035000489861FABIO JUNIOR SILVA SANTOS               MAESTRO H VILA LOBOS, 109 JD SAO FRANCIS            13450000                                                            000105
100000 000000000000 00090345100325490REGTIT31188743902242     0002020000005975399400000000002N           2  01000597539925051900000000500000000000099N120119000000000000000330000000000000000000000000000000000000000000000100027835079860CLAUDIO DA SILVA LIMA                   MARIETA LUPPO RABELLO, 16 VILA SANTA LUC            04940130                                                            000106
100000 000000000000 00090345100325490REGTIT31188750381378     0002020000005984603800000000002N           2  01000598460325051900000000390000000000099N130219000000000000000260000000000000000000000000000000000000000000000100044330102862GABRIEL SANTOS VASCONCELOS DE SOUZA     AUGUSTO BARBOSA TAVARES, 160 JARDIM IRAC            05790140                                                            000107
100000 000000000000 00090345100325490REGTIT31188756222066     0002020000005899807100000000002N           2  01000589980725051900000000500000000000099N260518000000000000000330000000000000000000000000000000000000000000000100003146045885VERA LÚCIA MOREIRA DA CONCEIÇÃO GRIGIO  JOSE MIGUEL ARCANJO, 36 JARDIM CLEMENTIN            06770320                                                            000108
100000 000000000000 00090345100325490REGTIT31188781987805     0002020000005984288100000000002N           2  01000598428825051900000000133330000000099N120219000000000000000090000000000000000000000000000000000000000000000100002604047217DORIVALDO ALENCAR DOS SANTOS            VICINAL 115 SUL, S|N ZOANA RURAL  MEDICI            68145000                                                            000109
100000 000000000000 00090345100325490REGTIT31189070825059     0002020000005957535200000000002N           2  01000595753525051900000000070000000000099N171118000000000000000050000000000000000000000000000000000000000000000100000689672926PATRICIA ALVES                          ITARARE, 759 CENTRO  OURIZONA PR                    87170000                                                            000110
100000 000000000000 00090345100325490REGTIT31189228516676     0002020000005918065P00000000002N           2  01000591806525051900000000210000000000099N190718000000000000000140000000000000000000000000000000000000000000000100027258593870VIVIANE DA SILVA                        SAO GABRIEL  - APTO 106 BL B, 1999 VILA             13473000                                                            000111
100000 000000000000 00090345100325490REGTIT31189538577439     0002020000005985146500000000002N           2  01000598514625051900000000380000000000099N160219000000000000000250000000000000000000000000000000000000000000000100046855499880RIQUELME NOVAES SILVA                   XICO SANTEIRO, 15 JARDIM BRASILIA  SAO P            05845320                                                            000112
100000 000000000000 00090345100325490REGTIT31189598906433     0002020000005995550300000000002N           2  01000599555025051900000000082670000000099N250319000000000000000060000000000000000000000000000000000000000000000100097049930563ZENIA MOREIRA BATISTA                   ARGEMIRO DIAS DOS SANTOS, 114 CENTRO F D            47990000                                                            000113
100000 000000000000 00090345100325490REGTIT31189683233979     0002020000005984304700000000002N           2  01000598430425051900000000133330000000099N120219000000000000000090000000000000000000000000000000000000000000000100002213091285ALMIR FRANCISCO DA SILVA                RUA  B, S|N AGROVILA NOVA FRONTEIRA  MED            68145000                                                            000114
100000 000000000000 00090345100325490REGTIT31189819511022     0002020000005995560000000000002N           2  01000599556030031900000000075000000000099N260319000000000000000050000000000000000000000000000000000000000000000100002901506984CASSIANA COELHO DE LARA                 JORGE DA SILVA, 629 JD CARMEM SAO JOSE D            83090185                                                            000115
100000 000000000000 00090345100325490REGTIT31189819511022     0002020000005995561900000000002N           2  01000599556130041900000000075000000000099N260319000000000000000050000000000000000000000000000000000000000000000100002901506984CASSIANA COELHO DE LARA                 JORGE DA SILVA, 629 JD CARMEM SAO JOSE D            83090185                                                            000116
100000 000000000000 00090345100325490REGTIT31189834783400     0002020000005977228P00000000002N           2  01000597722825051900000000520000000000099N240119000000000000000350000000000000000000000000000000000000000000000100005028433496ELIVANILDO DE SOUSA SILVA               COMPOSITOR, 60 CHACARAS MARIA ALICE EMBU            06815480                                                            000117
100000 000000000000 00090345100325490REGTIT31189854983799     0002020000005985991100000000002N           2  01000598599125051900000000117000000000099N250219000000000000000080000000000000000000000000000000000000000000000100087923564515LINDAURA GOMES DE OLIVEIRA              ACM, 1315 CENTRO F DO RIO PRETO BA                  47990000                                                            000118
100000 000000000000 00090345100325490REGTIT31189922791860     0002020000005958903500000000002N           2  01000595890325051900000000060000000000099N261118000000000000000100000000000000000000000000000000000000000000000100000346643945MARCIEL ALVES TEIXEIRA                  ALFREDO MULHSTED FILHO, 1031 VILA INA SA            83065030                                                            000119
100000 000000000000 00090345100325490REGTIT31189967075449     0002020000005941126000000000002N           2  01000594112625051900000000100000000000099N061018000000000000000070000000000000000000000000000000000000000000000100015482169847ISABEL CRISTINA DOS REIS NOGUEIRA       ARISTEU VALENTE, 338 CENTRO NOVA ODESSA             13460970                                                            000120
100000 000000000000 00090345100325490REGTIT31189973165492     0002020000005918698400000000002N           2  01000591869825051900000000400000000000099N240718000000000000000270000000000000000000000000000000000000000000000100033594236900VALDEVINA DOS SANTOS GONCALVES DA SILVA DOS CAMBARAS, 531 C 19  PQ JEQUITIBA SIN            78550000                                                            000121
9                                                                                                                                                                                                                                                                                                                                                                                                         000122